3364 5102
661 445 906 518 -sta-

747 810 822 876 271.

157 1003 323 1063 Clemens
345 1003 417 1062 vn.
440 1001 628 1061 Ebreardo
658 1002 704 1060 de
725 1000 843 1061 Chicis
865 1002 1039 1074 Magistro
1068 1004 1279 1076 provinciali
1307 1001 1348 1060 0.
1370 1001 1409 1062 P.

675 1119 899 1178 Germaniae.

595 1271 697 1357 (Brev.
713 1289 739 1336 a.
755 1269 811 1337 m
827 1289 873 1355 ep.
891 1270 978 1357 122).

639 1385 808 1473 (211111.
826 1383 936 1472 1526).

250 1575 368 1642 Dilecto
391 1575 438 1641 fili
461 1576 593 1642 salutem
615 1576 670 1640 etc.
702 1575 745 1638 Er
768 1574 904 1658 plurium
925 1573 1109 1654 testimonio,
1133 1594 1168 1640 ao
1191 1575 1337 1642 relatione
1358 1576 1410 1643 in·

159 1692 342 1773 tellerimus,
366 1691 553 1776 singularem
569 1691 706 1757 essehoc
728 1692 864 1774 tempore
886 1691 977 1774 abque
991 1690 1025 1756 in
1040 1690 1089 1756 his
1105 1688 1286 1758 Germaniae
1309 1692 1411 1758 flueti-

159 1811 218 1876 bus
241 1809 311 1874 tuae
334 1807 503 1875 devotionis
517 1807 664 1873 virtutem
679 1809 710 1872 et
725 1805 928 1890 diligentiam,
951 1806 1040 1872 illam
1062 1806 1186 1890 quidem
1201 1827 1220 1872 a
1234 1809 1265 1873 te
1287 1827 1341 1892 pro
1359 1809 1413 1874 tua

160 1924 348 2010 professione
371 1924 515 2002 debitam,
538 1942 644 1989 verum
667 1923 922 2007 pernecessariam
945 1925 976 1988 ot
996 1923 1157 1989 animabus
1181 1924 1355 2004 salutarem,
1378 1943 1415 1990 ac

161 2042 250 2108 nobis
279 2043 350 2124 post
370 2040 469 2106 Deum
500 2039 740 2122 omnipotentem
770 2038 857 2104 valde
886 2038 1050 2104 iucundam
1080 2040 1112 2104 et
1140 2042 1270 2124 gratam.
1316 2037 1416 2120 Quare

162 2158 233 2241 post
254 2155 548 2221 commendationem
571 2155 663 2219 huius
685 2155 756 2220 tuae
778 2155 912 2238 pietatis,
944 2155 1065 2238 saepius
1094 2174 1130 2220 ac
1153 2156 1262 2222 merito
1286 2175 1304 2222 a
1326 2157 1416 2222 nobis

163 2271 286 2348 factam,
318 2268 510 2338 scribendum
533 2269 628 2334 otiam
657 2268 799 2336 duximus
829 2270 869 2335 ad
891 2273 930 2349 te,
960 2271 995 2335 ut
1018 2289 1053 2335 ea
1082 2289 1175 2354 quam
1203 2273 1292 2356 grata
1314 2275 1418 2338 essent

163 2388 253 2453 nobis
276 2387 473 2470 intelligeres,
496 2389 586 2470 teque
602 2385 743 2470 deinceps
763 2405 797 2452 eo
814 2385 1026 2452 studiosiorem
1051 2385 1155 2452 inhoo
1178 2405 1201 2452 s.
1218 2406 1305 2472 opere
1327 2407 1417 2472 prae-

165 2505 272 2580 stares,
295 2522 355 2585 quo
378 2502 466 2568 uobis
481 2503 535 2566 tua
557 2501 655 2566 virtus
682 2502 846 2568 manifesta
868 2501 940 2582 iam,
969 2504 1000 2567 et
1023 2501 1147 2586 cognita
1168 2505 1257 2568 asset.
1304 2505 1420 2588 Itaque,

164 2619 238 2683 lieet
261 2617 394 2684 sciamus
409 2619 441 2682 te
461 2615 495 2681 iu
512 2615 611 2682 stadio
635 2637 657 2682 s.
673 2616 745 2682 fidei
761 2619 814 2682 tua
837 2619 944 2701 sponte
958 2617 1128 2683 currentem
1152 2618 1267 2684 nullius
1284 2620 1420 2685 stimulis

166 2753 269 2818 ogero3
293 2735 398 2800 11111111
419 2735 451 2798 te
473 2751 527 2816 pro
550 2733 653 2797 nostro
675 2732 783 2810 officio,
814 2751 849 2798 ac
870 2708 996 2816 paterno
1018 2733 1052 2798 in
1073 2733 1105 2799 te
1128 2751 1231 2799 amore
1253 2733 1421 2813 hortamur,

166 2850 202 2915 ut
224 2847 304 2932 quod
335 2849 483 2916 hactenus
505 2847 616 2928 fecisti,
644 2847 740 2913 etism
761 2847 903 2931 deinceps
933 2847 967 2913 in
988 2847 1046 2912 hae
1068 2849 1251 2932 tempestate
1273 2849 1421 2915 vincenda

167 2983 221 3048 pro
242 2963 325 3029 virili
346 2963 471 3029 insudas
494 2963 671 3046 fortiterque
693 2982 763 3029 oum
779 2963 842 3028 tuis
864 2963 999 3042 resistas,
1022 2965 1058 3028 ut
1072 2943 1245 3047 pressuram
1270 2965 1421 3049 patienter

168 3079 256 3145 feras.
303 3077 492 3163 Sperandum
526 3080 574 3144 est
603 3079 685 3144 enim
708 3079 742 3144 in
763 3079 822 3144 Dei
850 3078 988 3144 bonitate
1016 3080 1107 3164 atque
1129 3080 1300 3159 clementia
1330 3099 1422 3165 quam

170 3195 264 3261 etiam
280 3195 436 3279 aliquanto
451 3195 599 3260 leniorem
614 3193 751 3259 videmur
765 3193 943 3278 prospicere,
960 3194 1040 3277 quod
1054 3193 1136 3260 idem
1150 3195 1225 3278 ipse,
1241 3195 1293 3278 qui
1309 3195 1422 3260 nostris

170 3311 303 3395 peccatis
325 3310 457 3376 offensus
480 3311 536 3376 hos
551 3309 661 3376 fluetus
684 3310 807 3376 excitari
822 3309 971 3394 permisit,
994 3329 1065 3376 mox
1081 3329 1168 3375 suam
1191 3312 1311 3393 plebem
1327 3311 1422 3376 misa-
1486 3297 1496 3322 ¹

171 3427 265 3504 ratus,
287 3425 452 3510 imperabit
466 3426 554 3506 mari,
577 3426 608 3491 et
622 3424 734 3491 redibit
749 3426 854 3509 optata
869 3424 1085 3509 tranquillitas.
1118 3422 1218 3504 Quam
1233 3426 1321 3490 uobis
1337 3445 1423 3510 spem

172 3540 266 3606 etiam
290 3541 477 3607 serenissimi
500 3539 647 3621 Caesaris,
669 3539 774 3605 fratris
797 3541 861 3606 eius
884 3540 983 3625 pietas
1007 3541 1173 3624 singularis
1196 3541 1227 3607 et
1242 3539 1424 3607 Germaniae

172 3655 345 3738 principum
373 3675 538 3723 consensus
567 3656 742 3732 confirmat;
773 3675 827 3721 neo
850 3655 958 3721 deinde
987 3674 1042 3721 uos
1072 3657 1220 3740 quantum
1248 3656 1424 3740 poterimus,

174 3789 281 3835 sumus
304 3790 437 3854 unquam
453 3771 594 3838 defuturi
626 3768 725 3851 Quare
747 3771 855 3836 dilecte
879 3770 925 3835 fili
939 3773 1044 3854 coepto
1066 3771 1175 3838 itinere
1190 3790 1291 3856 porge,
1314 3791 1349 3836 ac
1366 3771 1427 3836 tibi

173 3885 234 3971 ipsi
257 3886 412 3969 responde,
442 3888 478 3952 ut
500 3889 568 3971 post
598 3889 734 3952 nostram
763 3888 924 3970 paternam
953 3886 1205 3966 benevolentiam,
1234 3885 1351 3951 tibiae
1373 3887 1425 3951 tuo
1512 3913 1515 3921 ·

174 4002 274 4068 ordini
297 4021 415 4086 semper
437 4005 586 4086 paratum,
608 4002 703 4068 etiam
724 4001 993 4068 immarcescibiles
1017 4001 1132 4085 gloriae
1147 4001 1287 4068 eoelestis
1310 4001 1426 4066 fruetus

174 4117 263 4184 bonis
278 4117 445 4184 rectoribus
461 4117 552 4184 aDoo
568 4117 766 4203 repromissos
781 4117 926 4202 consequi
941 4117 1093 4184 merearis.
1117 4116 1233 4182 Datum
1247 4117 1361 4182 3111111
1370 4117 1426 4182 ete.

175 4232 224 4300 die
246 4233 335 4299 xxvii.
358 4232 517 4298 Februarii
538 4233 668 4301 mdrrui.
713 4235 802 4300 Anno
825 4234 924 4300 tertio.
