3400 5088
741 323 986 390 *132-

324 513 437 602 Magno
459 515 638 585 cancellario
660 515 807 598 Caesaris
829 489 989 603 pollicetur
1009 517 1145 603 pontifex
1175 537 1216 598 se,
1238 516 1273 584 iu
1293 515 1394 602 prima
1415 535 1483 583 car-

234 631 384 699 dinalium
406 633 564 713 creatione,
587 634 677 700 illum
699 633 834 700 adhunc
855 633 1010 715 honorem,
1032 637 1169 719 respectu
1189 633 1321 700 maximo
1337 631 1483 713 (lassaris,

234 751 419 815 vocaturum
443 750 625 815 -Datum
648 751 763 816 Romae
786 749 874 816 xxvii
897 749 1014 834 Aprilis
1036 750 1156 818 minu.

321 981 438 1060 Eidem,
461 980 498 1047 de
520 982 625 1048 cadom
649 1003 682 1048 re
703 1019 747 1032 -
769 982 874 1050 eodem
897 982 946 1049 die
967 984 999 1049 et
1021 1001 1108 1049 auno.
1131 1019 1176 1031 -

831 1244 884 1308 97.

626 1407 801 1467 Dominae
824 1409 1094 1480 Eupolismeusl.

318 1563 439 1628 Dilecta
460 1562 494 1628 in
515 1559 637 1627 Christo
659 1561 724 1628 lilia
738 1564 793 1628 otc.
840 1563 882 1628 llx
898 1563 1049 1647 prioribus
1072 1563 1170 1629 literis
1193 1562 1255 1628 tuis
1277 1565 1308 1629 et
1324 1563 1388 1630 illis
1403 1581 1479 1648 quas

229 1680 262 1744 in
284 1682 457 1745 nostrarum
479 1677 705 1761 responsionem
735 1678 774 1742 ad
796 1697 852 1744 nos
876 1679 996 1759 dedisti
1026 1679 1232 1746 intelleximus
1262 1680 1401 1745 animum
1423 1697 1480 1744 no·

227 1796 360 1862 bilitatis
382 1797 452 1861 tuae
480 1793 621 1879 quamuis
644 1793 779 1858 advorsis
802 1794 860 1859 lilii
881 1795 927 1859 tui
950 1795 1103 1861 carissimi
1124 1795 1215 1861 rebus
1238 1795 1395 1874 afflictum,
1418 1811 1479 1860 non

227 1913 333 1978 tamen
353 1912 399 1977 ita
421 1910 616 1994 prostratum,
639 1909 674 1973 ut
695 1926 756 1973 non
771 1911 852 1975 extet
874 1913 905 1975 et
927 1913 1072 1995 appareat
1088 1911 1183 1977 virtus
1205 1912 1267 1989 tua,
1297 1910 1382 1976 cuiue
1405 1909 1477 1975 olfi-

228 2029 310 2095 cium
324 2027 501 2112 precipuum
523 2026 571 2090 est
584 2023 704 2090 fortiter
718 2023 797 2090 ferre
818 2044 867 2092 res
882 2026 1039 2105 adversam
1062 2026 1213 2093 convertis
1228 2027 1311 2094 enim
1326 2025 1365 2092 ad
1380 2025 1480 2092 Deum

229 2163 315 2228 spem
337 2143 433 2223 tuam,
455 2142 487 2207 ot
508 2139 541 2206 iu
563 2141 669 2206 nostra
690 2159 764 2225 erga
789 2141 819 2206 ts
842 2143 873 2207 et
895 2141 1035 2209 eumdem
1050 2142 1151 2209 lilium
1165 2143 1254 2210 tuum
1276 2142 1480 2210 benivolentia

228 2258 409 2343 acquiescis3
438 2275 515 2341 quae
545 2255 625 2322 certe
647 2256 783 2322 anobis
812 2257 872 2323 tibi
900 2277 962 2324 non
991 2259 1131 2324 deutoro
1160 2260 1217 2324 est.
1263 2259 1370 2343 Itaque
1399 2258 1480 2343 quod

227 2394 323 2441 unum
344 2392 424 2439 nunc
446 2376 495 2439 ost
515 2371 550 2438 in
571 2372 707 2439 bonitate
729 2374 761 2438 et
782 2373 943 2438 clementia
970 2373 1079 2458 optimi
1101 2373 1239 2472 Caesaris
1262 2375 1424 2460 retugium,
1447 2375 1479 2441 et

225 2489 328 2575 ipsum
350 2489 547 2574 cognovimus
571 2487 659 2554 valde
681 2489 862 2556 inclinabam
885 2509 951 2556 esse
973 2490 1013 2556 ad
1027 2490 1239 2557 liberationem
1261 2491 1320 2556 lilii
1342 2490 1397 2572 tui,
1420 2490 1474 2557 ‹le-

224 2605 299 2672 latis
321 2605 504 2690 qmbusdam
526 2603 758 2685 conditionibus,
780 2624 856 2690 quas
879 2605 938 2672 libi
952 2606 1137 2672 arbitremur
1158 2626 1225 2673 esse
1248 2608 1352 2685 notam
1375 2608 1406 2673 et
1421 2625 1477 2672 nos

224 2721 327 2806 ipsum
349 2721 389 2786 ad
403 2720 668 2786 mansuetudinem
690 2739 751 2788 non
773 2721 951 2788 desistimus
973 2721 1136 2801 adhortari,
1160 2722 1237 2788 satis
1258 2722 1476 2806 intelligentes,

224 2838 382 2905 musenim
404 2837 461 2903 hoc
482 2837 617 2921 primum
639 2839 670 2902 ot
692 2855 837 2920 personae
859 2839 890 2903 et
912 2839 1038 2904 aetnae
1061 2839 1196 2916 nostram
1226 2857 1261 2905 ac
1283 2837 1393 2906 deiude
1413 2837 1475 2922 ipsi

224 2953 354 3035 Caesari,
377 2954 526 3037 rebusque
553 2953 639 3019 illius
662 2953 865 3019 utilissimum
887 2973 962 3034 esse,
993 2954 1113 3038 quando
1135 2955 1192 3022 hoc
1214 2957 1296 3021 certo
1325 2956 1474 3033 tenemus,

223 3069 426 3136 stabilitatem
448 3069 479 3135 et
493 3068 728 3152 perpetuitatem
742 3069 885 3135 victoriae
908 3087 974 3135 esso
988 3069 1022 3135 in
1037 3069 1220 3154 ignoscendo
1243 3069 1362 3150 melius,
1380 3087 1473 3154 quam

221 3186 256 3252 in
278 3185 373 3252 victos
388 3185 493 3251 acerbe
507 3183 700 3269 insequendo,
723 3186 755 3250 et
769 3185 825 3250 heo
847 3186 952 3251 umen
974 3186 1109 3264 consilia,
1132 3186 1171 3251 od
1185 3185 1245 3252 filii
1265 3185 1313 3251 tni
1326 3187 1358 3251 et
1375 3184 1474 3252 nostri

221 3302 254 3368 iu
276 3299 398 3368 Christo
420 3299 572 3366 carissimi
594 3318 629 3365 aa
650 3300 746 3366 totius
774 3300 862 3385 regni
885 3302 979 3367 vestri
1002 3303 1133 3368 salutem
1156 3321 1191 3367 ac
1214 3301 1471 3386 tranquillitatem

220 3418 381 3502 pertinent
412 3414 647 3497 Quamombrem
663 3415 743 3500 quod
764 3418 907 3498 paternae
930 3417 1052 3484 anobis
1074 3417 1295 3484 benivolentiae
1309 3417 1395 3501 potos
1418 3435 1471 3483 ex·

220 3534 347 3617 pectere,
370 3532 403 3598 id
424 3531 484 3597 tibi
505 3551 524 3596 a
545 3531 633 3598 nobis
663 3531 782 3597 abunde
804 3532 877 3610 orit;
908 3553 1014 3602 sumus
1036 3535 1119 3600 euim
1141 3535 1212 3600 tuae
1234 3532 1324 3599 nob.ti
1348 3533 1380 3598 et
1408 3531 1471 3598 tuis

220 3649 362 3715 omnibns
384 3647 493 3727 affecti,
515 3648 553 3713 (le
566 3667 626 3733 qua
649 3667 767 3732 sempor
782 3647 827 3713 ita
843 3648 994 3715 sensimus
1010 3667 1165 3716 summam
1179 3650 1213 3715 in
1230 3650 1262 3715 to
1276 3648 1470 3732 prudentiam

218 3783 289 3830 cum
312 3783 432 3830 summa
454 3782 527 3849 erga
548 3763 649 3829 Deum
678 3763 824 3849 religione
847 3763 1041 3830 coniunctam
1064 3784 1145 3841 esse3
1175 3764 1341 3832 fidentibus
1365 3765 1468 3830 autem

217 3879 251 3946 iu
272 3879 404 3946 Domino
426 3879 490 3946 Deo
519 3880 551 3945 et
578 3879 663 3944 illius
686 3897 775 3963 opem
803 3879 1048 3962 implorantibus,
1078 3881 1165 3946 nulla
1194 3883 1296 3965 potest
1325 3879 1470 3947 diubuna

217 4014 284 4062 esse
306 3995 474 4062 calamitas.
519 3995 626 4078 Itaque
648 3997 680 4062 et
700 4013 756 4062 nos
772 4014 938 4080 speramus,
960 3997 991 4061 ot
1012 3996 1095 4062 idem
1118 3998 1149 4062 te
1168 4016 1288 4082 sperare
1311 3997 1468 4072 volumus;

217 4130 278 4179 non
299 4112 362 4177 fore
392 4127 510 4178 seruum
533 4109 692 4177 Caesarem
721 4129 776 4176 neo
799 4111 870 4192 tris,
899 4131 956 4177 neo
985 4112 1100 4180 uostris
1129 4113 1268 4196 precibus
1299 4111 1467 4188 duriorem

216 4226 295 4312 quod
317 4225 405 4292 nobis
425 4225 464 4292 (le
485 4225 547 4305 illo,
569 4225 666 4310 ipsius
682 4225 848 4310 singularis
869 4226 904 4292 in
918 4227 1019 4293 Deum
1041 4229 1282 4312 omnipotentem
1303 4226 1466 4306 veneratio,

215 4345 247 4411 ot
275 4341 420 4428 cogitatio
450 4361 551 4408 rerum
579 4341 785 4408 humanarum
813 4342 989 4426 pollicetur3
1019 4363 1205 4429 quamquam
1233 4344 1298 4409 mm
1319 4343 1357 4411 ue
1379 4343 1465 4409 illius

215 4457 317 4526 auimo
346 4457 396 4544 pio
426 4459 516 4543 atque
545 4457 692 4524 clemente
716 4458 777 4524 alia
805 4459 973 4525 habeamus
996 4459 1091 4524 etiam
1119 4459 1236 4544 potiora
1260 4458 1356 4544 signa.
1404 4457 1464 4525 Sed
