3396 5090
674 333 919 400 ..209-

166 529 318 596 industria
341 528 475 594 multum
497 526 603 611 profici
616 545 713 611 posse
734 547 765 592 er
755 527 810 591 te
824 545 923 594 casus
936 525 1048 610 aliquis
1063 525 1103 592 ad
1117 545 1169 592 eas
1191 529 1294 612 partes
1314 529 1420 595 hens-

167 645 268 712 iarret
299 643 461 711 Nollsmus
483 642 543 708 tibi
565 641 689 726 quidem
710 661 766 708 nos
789 641 950 726 quicquam
973 642 1124 726 gravioris
1145 644 1245 710 oneris
1267 644 1428 729 imponere

167 779 258 846 quam
288 761 342 826 tua
370 758 513 826 voluntas
541 759 708 842 pateretu13
738 757 792 824 sed
820 758 878 824 hoc
906 759 986 824 certe
1014 758 1205 826 crederemus
1232 760 1421 846 circumspe-

167 876 301 942 clionem
321 877 409 941 tuam
431 893 489 940 neu
518 874 699 940 auctoritate
728 873 865 940 consiliis
889 874 917 940 si
938 894 1008 940 cum
1037 875 1139 960 legato
1167 877 1272 943 nostro
1293 895 1355 944 una
1376 877 1421 944 rei

168 990 344 1058 hactandae
366 991 488 1057 adesset
515 991 606 1074 atque
634 991 823 1057 incumberet
851 990 986 1075 aliquem
1008 991 1124 1056 exitum
1145 993 1177 1057 et
1199 991 1324 1059 modum
1346 1011 1420 1060 con·

169 1107 286 1174 cordiae
307 1107 388 1173 inter
411 1125 462 1172 eos
485 1105 574 1172 facile
595 1107 792 1190 reperturam.
838 1105 953 1187 Quanti
973 1124 1045 1173 vero
1059 1106 1151 1174 huius
1174 1127 1292 1194 quoqne
1312 1108 1421 1176 inimi·

168 1223 259 1290 citiae
280 1222 460 1307 compositio
481 1221 520 1288 ad
535 1240 728 1288 communem
744 1222 875 1289 salutm
891 1221 1050 1306 pertineat,
1073 1224 1109 1288 tu
1124 1242 1178 1307 pro
1193 1225 1246 1290 tue
1261 1223 1423 1309 prudentia

169 1338 344 1404 existimare
367 1337 456 1404 facile
477 1339 579 1422 potee3
609 1336 695 1402 nulla
717 1337 803 1403 enirn
825 1357 887 1404 non
915 1339 1001 1422 parte
1024 1338 1260 1406 christianitatis
1290 1341 1421 1420 turbata

169 1455 307 1520 omnium
329 1452 467 1520 iortrrnae
489 1453 523 1519 in
545 1451 712 1519 discrimen
733 1455 887 1533 vocantur,
911 1452 973 1519 nisi
995 1455 1144 1537 quantam
1167 1456 1374 1542 unusquisque
1388 1457 1422 1524 in

169 1569 286 1654 mendo
308 1568 397 1649 valet
421 1568 633 1635 communibus
656 1568 799 1652 periculis
822 1567 990 1636 remedium
1021 1569 1144 1653 aliquod
1166 1569 1272 1637 afferre
1294 1571 1420 1638 nitatur.

169 1685 210 1750 In
229 1703 288 1769 quo
310 1683 434 1768 quidem
456 1703 544 1768 opere
558 1703 614 1750 nos
637 1685 787 1769 quantum
801 1703 964 1768 possumus
986 1685 1071 1752 nullo
1094 1685 1159 1752 loco
1174 1686 1328 1767 desumus,
1349 1687 1422 1754 lieet

170 1799 269 1887 adhuc
290 1799 427 1866 consiliis
450 1800 481 1864 et
504 1799 629 1866 monitis
651 1798 765 1867 nostris
789 1800 938 1884 asperitas
956 1803 1128 1884 temporum
1150 1801 1240 1869 valde
1262 1801 1422 1868 adversata

171 1915 219 1982 sit
259 1913 318 1982 Sed
333 1935 394 1982 non
408 1914 587 1982 desistimus
602 1917 715 1995 tamen,
730 1934 842 2000 speque
857 1917 942 1983 omni
956 1917 1061 1982 nostm
1075 1917 1109 1983 in
1123 1917 1183 1983 Dei
1204 1917 1422 2002 omnipotentie

171 2031 283 2098 amilio
312 2031 421 2116 posita,
444 2031 565 2096 nullum
586 2031 709 2115 tempus
737 2031 1012 2116 praetermittimus
1034 2051 1132 2116 neque
1159 2032 1304 2100 hortandi
1325 2052 1422 2118 neque

171 2145 322 2226 monendi
345 2165 442 2231 neque
464 2163 533 2212 vero
556 2146 650 2212 etiarn
673 2145 868 2231 deprecandi3
890 2145 972 2231 quod
992 2146 1105 2213 iustius
1127 2148 1223 2215 eham
1244 2151 1277 2216 et
1297 2150 1422 2234 grariru

171 2262 268 2329 iacere
290 2280 346 2329 nos
369 2261 555 2329 arbitramur
578 2261 658 2346 quod
686 2262 815 2346 privatis
838 2262 981 2329 omnibus
1003 2263 1162 2330 affectibus
1185 2265 1309 2330 omissis
1331 2265 1365 2330 in
1387 2284 1423 2331 ea

170 2397 247 2463 quae
269 2396 325 2443 nos
348 2375 434 2444 decet
455 2377 588 2444 maxime
609 2377 707 2461 patris
729 2377 920 2463 pastorisque
949 2378 1120 2444 eommunis
1142 2398 1270 2463 persona
1300 2398 1422 2464 perma-

170 2512 286 2560 nemus.
332 2491 537 2573 Quamobrem
566 2493 758 2577 praestamus
787 2512 843 2560 nos
872 2493 952 2580 quod
981 2495 1121 2561 nostrum
1150 2496 1205 2562 est
1258 2494 1324 2562 Tua
1353 2513 1423 2561 vero

170 2608 400 2694 circumspectio
423 2609 451 2675 si
472 2608 506 2675 in
527 2608 585 2674 hae
607 2610 693 2694 parte
708 2627 777 2676 earn
798 2628 891 2694 quam
914 2609 992 2676 solet
1013 2609 1197 2677 industriam
1221 2612 1252 2676 et
1274 2611 1423 2696 optimam

170 2725 205 2793 in
225 2725 382 2810 pubhcum
397 2725 512 2791 bonurn
527 2724 700 2790 adhibuerit
715 2725 913 2804 uoluntatem,
936 2725 1120 2810 paulumque
1141 2726 1201 2792 sibi
1214 2725 1329 2792 laboris
1351 2745 1423 2811 pro·

170 2841 239 2926 pter
267 2840 312 2907 rei
342 2839 527 2906 christianae
557 2840 688 2905 salutem
718 2840 934 2924 assumpserit,
963 2841 1098 2906 multum
1127 2841 1283 2908 assidere
1312 2842 1425 2926 poterit

171 2955 408 3023 christianitatis
436 2954 594 3022 commodo
623 2957 655 3022 et
676 2955 890 3022 communibus
914 2955 1065 3040 periodis,
1088 2975 1212 3041 remque
1241 2957 1329 3024 nobis
1351 2977 1422 3042 per·

172 3075 303 3157 gratam
333 3070 481 3158 dignitati
511 3089 583 3137 suae
612 3071 779 3155 plurimum
809 3090 976 3156 congruam
1005 3071 1124 3138 efficiet.
1170 3073 1286 3139 Datum
1308 3073 1424 3139 Rornae

173 3187 223 3254 die
245 3188 321 3254 xxix.
344 3186 524 3254 Decembris
547 3185 665 3254 mdnv.
710 3187 799 3253 Anno
823 3187 961 3254 mando.

766 3447 838 3514 161.

173 3612 312 3674 nnecto
335 3612 408 3673 fillo
424 3612 535 3672 noblll
558 3613 638 3672 vtro
654 3613 748 3671 lano
764 3613 908 3672 Lascarl
924 3609 1073 3671 Patrltlo
1089 3611 1425 3690 Constantinopoli-

584 3732 671 3789 lano
694 3727 858 3788 larnlllarl
881 3731 1021 3788 nostro.

262 3882 382 3949 Dilecta
403 3881 458 3948 fili
503 3881 654 3950 Memores
670 3881 769 3948 adhuc
791 3901 895 3949 eorum
911 3881 1107 3948 consihorum
1130 3899 1166 3948 ac
1187 3883 1327 3951 laborum
1349 3904 1425 3970 quos

173 4001 209 4065 tu
229 4018 285 4083 pro
307 3997 352 4065 rei
373 3997 541 4065 litterariae
562 3999 748 4066 incremento
771 4000 877 4082 gratae
898 3996 1063 4064 mamonae
1085 3999 1195 4084 patruo
1217 4001 1320 4066 nostm
1342 4002 1425 4068 lau·

173 4114 272 4182 rentio
300 4113 448 4192 tribuisti,
477 4133 547 4181 cum
577 4116 608 4180 et
636 4113 775 4180 incitasti
796 4132 866 4179 curn
895 4112 1022 4179 monitis
1050 4113 1114 4178 tuis
1137 4113 1176 4180 ad
1203 4115 1425 4183 instituendam

173 4247 316 4316 graocm
339 4228 564 4310 bibliothecam,
587 4233 618 4295 et
639 4230 771 4314 ipsemet
799 4228 888 4294 libris
910 4228 1029 4313 graecis
1051 4228 1184 4314 undique
1213 4233 1424 4316 conquirendis

174 4364 298 4431 operam
319 4363 356 4411 ac
378 4344 572 4430 diligentiam
603 4343 786 4422 adhibuisti;
816 4362 885 4410 earn
906 4343 1008 4428 ipsam
1037 4344 1255 4413 bibliothecam
1284 4348 1425 4432 perficere

173 4481 254 4530 nunc
275 4460 473 4540 intendimus,
496 4459 693 4544 dedimusque
721 4460 881 4544 negocium
904 4459 1014 4526 dilecto
1037 4459 1100 4526 filio
1124 4460 1294 4529 Alexandro
1317 4463 1425 4530 Paccio

228 4587 329 4634 maara
343 4587 451 4623 mma·
465 4587 512 4625 ιιι.
1225 4573 1266 4638 14
