3366 5084
695 314 917 384 ,13-

180 511 277 580 adhuc
292 531 341 579 res
356 532 418 580 non
433 513 546 580 obtulit
561 513 756 592 occasionem,
773 513 895 599 qualem
910 511 1073 589 vellemus3
1096 511 1198 579 visum
1216 511 1332 580 interea
1346 513 1430 579 nihi·
1560 509 1563 514 ’

180 629 312 696 lominus
336 631 392 709 est,
421 628 573 712 quoddam
595 629 654 695 tibi
681 631 897 696 munusculum
927 629 1057 696 deferre:
1087 628 1124 695 de
1153 649 1211 714 quo
1240 629 1280 695 ad
1309 629 1362 696 dil.
1388 629 1431 695 fil.

180 745 378 812 Laurentium
412 745 461 811 tit
492 743 562 812 saa
590 745 773 812 Anastasiou
802 744 832 814 S.
860 745 898 811 a
927 745 961 812 hl.
990 745 1212 830 praesbitemm
1246 745 1432 811 cardinalem

182 860 381 946 Campegium
403 862 544 928 nostrum
566 863 598 927 et
614 860 694 928 sedis
710 861 894 946 apostolicae
915 861 1062 928 delatore
1083 863 1221 947 legatum
1237 861 1431 945 scripsimus3

180 978 215 1043 ut
237 977 264 1042 is
287 977 515 1062 quamprimum
537 976 577 1042 ad
597 979 637 1057 te,
660 978 692 1042 et
706 977 895 1047 voluntatem
909 978 1056 1059 nostram,
1079 979 1110 1043 et
1130 976 1279 1044 indicium
1293 976 1431 1043 deferret.

180 1092 227 1158 Tu
249 1094 284 1159 ut
313 1091 428 1158 maiora
451 1111 486 1158 er
508 1092 597 1159 nobis
626 1093 760 1178 quotidie
791 1112 908 1177 speres,
938 1095 970 1159 et
998 1113 1146 1178 eosquos
1175 1094 1234 1160 tibi
1263 1092 1432 1159 obtrectare

180 1209 362 1293 conquestus
385 1227 433 1289 es,
457 1208 510 1295 qui
531 1210 636 1275 tamen
658 1229 712 1294 per
733 1228 788 1276 nos
811 1209 939 1276 cohibiti
961 1211 992 1276 et
1008 1209 1174 1294 compressi
1197 1210 1283 1290 snut,
1308 1208 1431 1275 studeas

181 1324 332 1410 dignitate
354 1325 445 1409 atque
467 1325 620 1410 elegantia
642 1325 792 1391 factorum
823 1324 1065 1410 scriptommque
1085 1326 1208 1392 tuomm
1229 1324 1376 1402 refutare;
1399 1325 1431 1390 te

181 1457 365 1528 magnopere
379 1440 586 1508 adhortamur.
610 1438 698 1521 Quod
713 1440 842 1521 efficies,
867 1442 895 1508 si
908 1442 942 1507 in
956 1442 1090 1526 gratiam
1105 1441 1165 1508 Dei
1179 1443 1270 1526 atque
1284 1443 1431 1520 nostram,

182 1576 218 1623 ac
240 1558 448 1624 levamentum
470 1556 584 1623 laboris
607 1558 720 1636 nostri,
749 1577 800 1624 eos
824 1558 877 1642 qui
899 1577 918 1623 a
941 1577 1032 1624 sensu
1061 1577 1148 1625 verae
1176 1557 1302 1643 pietatis
1331 1557 1432 1624 aversi

181 1676 261 1756 aaut
283 1674 432 1759 corrigere
454 1673 625 1750 conaberia;
648 1675 680 1739 et
702 1673 842 1755 docendo,
865 1675 897 1741 et
918 1674 1076 1755 monendo,
1099 1676 1130 1740 et
1145 1673 1318 1740 scribendo:
1342 1675 1428 1739 vale-

179 1789 339 1874 tudinique
361 1789 482 1870 servies,
504 1808 563 1874 quo
578 1790 633 1855 tua
648 1789 811 1856 sedulitate
833 1791 864 1856 et
878 1809 976 1874 opera,
991 1789 1222 1856 christiana-res
1237 1789 1299 1856 frui
1314 1789 1430 1856 diutius

179 1907 284 1992 possit.
330 1905 454 1973 Datum.
525 1906 607 1990 (cte).

783 2107 832 2170 11.

613 2252 699 2325 Regi
722 2243 1003 2332 portugalliae1)

268 2405 434 2473 Carissimo
461 2405 516 2472 fili.
561 2404 633 2472 Nisi
661 2405 784 2472 honoris
813 2406 845 2472 et
873 2406 1007 2472 nominis
1034 2406 1082 2472 tui
1110 2425 1178 2474 eam
1208 2425 1312 2473 curam
1341 2425 1429 2492 gere·

181 2542 282 2590 remus
297 2541 391 2609 quam
413 2523 516 2588 noster
536 2523 681 2606 paternus
702 2521 737 2588 in
757 2524 843 2598 tuam
863 2522 1059 2588 serenitatem
1081 2541 1167 2589 amor
1186 2523 1331 2608 postulat,
1354 2541 1431 2606 quae

180 2639 219 2704 ad
240 2657 296 2705 uos
319 2637 421 2704 delata
443 2639 516 2703 sunt
537 2638 569 2704 et
590 2636 725 2722 quotidie
746 2636 929 2718 deferentem,
951 2655 1013 2704 non
1034 2638 1079 2704 ita
1100 2638 1269 2704 movissent
1291 2638 1430 2704 animum

179 2755 319 2820 uestrum
348 2753 428 2819 sicut
456 2755 624 2833 moverunt,
652 2753 687 2818 ut
709 2753 768 2818 hac
796 2753 834 2819 de
855 2771 888 2819 re
917 2753 1053 2838 primum
1081 2773 1152 2821 cum
1181 2754 1344 2821 serenitate
1374 2755 1428 2820 tua

181 2868 334 2955 agendum
355 2870 547 2954 putaremus:
577 2887 648 2935 eum
669 2868 753 2935 enim
781 2869 820 2934 ab
848 2868 938 2958 initio
960 2869 1085 2936 illomm
1114 2870 1287 2954 temporum
1316 2870 1428 2954 quibus
1500 2852 1505 2859 ’

179 2986 278 3051 clarae
300 2985 465 3051 memoriae
486 2985 636 3051 Emanuel
664 2984 785 3069 genitor
806 2985 878 3050 tuus
901 3003 920 3049 a
942 2985 1117 3070 regionibus
1140 2985 1266 3052 omentis
1289 2985 1428 3051 omnium

180 3101 242 3167 lere
264 3120 376 3186 genera
391 3101 563 3166 aromatum
585 3101 624 3166 ad
645 3102 767 3166 nostras
781 3101 884 3186 partes
899 3100 1005 3167 afferre
1020 3101 1101 3185 cepit
1114 3101 1148 3166 in
1163 3101 1301 3166 omnium
1317 3099 1429 3167 animis

179 3236 248 3301 spes
278 3218 310 3283 at
337 3216 456 3283 laetitia
484 3215 633 3301 quaedam
662 3217 766 3282 enoda
794 3216 911 3296 brisset,
942 3215 1022 3300 quod
1050 3216 1175 3282 illorum
1197 3217 1229 3282 et
1257 3215 1428 3281 uberiorem

178 3334 297 3418 copiam
319 3334 350 3401 et
371 3333 539 3400 faciliorem
568 3333 825 3417 comparationem
847 3352 953 3400 omnes
975 3333 1040 3398 foro
1061 3332 1297 3411 arbitrabantur,
1321 3351 1368 3397 res
1392 3332 1425 3396 in

178 3450 363 3516 contrarium
385 3449 431 3515 ita
451 3468 595 3514 conversa
617 3450 673 3528 est
703 3451 738 3515 ut
760 3449 799 3514 ad
821 3467 876 3515 nos
898 3450 931 3515 et
952 3447 993 3514 ad
1014 3448 1118 3515 sedem
1133 3447 1332 3532 apostolicam
1348 3466 1424 3532 quo-

178 3566 254 3632 tidie
266 3566 391 3632 veniant
405 3566 557 3650 querelae:
580 3584 635 3631 nec
649 3565 714 3630 iam
729 3565 910 3650 singulatim
926 3564 979 3631 sed
993 3563 1181 3650 populariter
1196 3563 1428 3649 implorantium

178 3681 391 3746 auctoritatem
419 3681 557 3746 nostram
580 3681 611 3745 ot
632 3681 859 3746 obsecrantium
880 3681 916 3746 ut
938 3679 1010 3746 huic
1032 3680 1119 3746 tanto
1142 3679 1238 3746 totius
1261 3679 1372 3745 Italiae
1394 3699 1429 3746 ac

178 3795 239 3862 fero
253 3797 388 3881 reliquae
401 3795 638 3862 christianitatis
652 3795 843 3862 incommodo
868 3815 1038 3862 succurrere
1057 3796 1204 3862 velimus:
1228 3811 1356 3880 quorum
1371 3814 1428 3862 noa

177 3931 279 3996 preces
294 3913 392 3979 iustae
406 3911 587 3996 praesertim
607 3931 669 3979 nou
682 3930 845 3996 possumus
860 3912 1024 3997 negligere.
1048 3912 1155 3996 Itaque
1170 3911 1209 3976 ad
1234 3911 1430 3980 serenitatem

179 4030 264 4094 tumn
287 4027 480 4095 scribendum
502 4027 652 4108 duximus,
674 4028 763 4093 illam
777 4027 811 4094 in
825 4028 948 4095 domino
971 4027 1139 4113 plurimum
1153 4027 1312 4094 hortantes
1334 4030 1378 4109 ut,
1396 4047 1430 4094 ra

178 4142 341 4228 diligenter
368 4143 566 4222 considerata,
596 4142 764 4210 remedium
793 4143 915 4228 aliquod
936 4143 1081 4210 adhibere
1102 4143 1185 4223 velit,
1215 4161 1274 4227 quo
1304 4145 1426 4210 tantum

178 4259 356 4344 populorum
385 4277 421 4326 ac
449 4259 589 4345 gentium
618 4259 675 4326 hoc
702 4259 894 4326 intolerabile
925 4278 1001 4326 onus
1030 4260 1164 4326 leretur:
1196 4259 1316 4343 praeter
1345 4260 1428 4326 enim

270 4474 288 4535 ¹)
306 4437 408 4524 Jdanues
425 4475 458 4524 lll
476 4476 517 4533 qul
534 4488 595 4523 anno
617 4475 692 4536 1521,
717 4475 770 4523 llll
788 4475 835 4525 hal.
854 4476 960 4526 annarli
979 4477 1027 4535 reri
1047 4476 1190 4526 Emmanuell
1210 4477 1219 4526 l
1238 4477 1391 4528 successerat·
