3364 5102
663 413 817 482 -367
863 449 908 466 -

157 615 189 682 ct
211 609 414 682 stabilitatem
444 631 546 680 rernm
574 613 710 689 tuarum;
742 611 851 680 deinde
880 633 950 682 vero
972 613 1105 681 maximo
1135 634 1205 683 cum
1234 614 1352 702 gemitu
1379 617 1411 683 et

157 732 260 799 dolore
283 731 386 796 nostro
409 729 499 814 atque
522 728 631 795 ltaliae
653 729 749 794 totius
772 749 841 795 cum
860 729 954 795 iidem
977 729 1068 797 duces
1090 732 1138 797 tui
1160 733 1276 797 statum
1292 732 1409 800 Medio-

156 848 221 914 lani
243 846 472 930 occupavissent
494 847 585 929 atque
607 864 707 912 arcem
730 845 762 911 in
778 864 838 931 qua
852 846 958 912 Franc.
974 845 1073 912 Maria
1095 847 1255 929 residebat,
1278 849 1409 914 circum·

158 964 272 1029 vallare
286 960 511 1038 instituissent3
534 961 610 1040 tum,
625 961 800 1046 postulante
823 962 944 1027 anobis
960 981 1064 1028 curam
1087 966 1119 1028 et
1142 961 1335 1029 severitatem
1353 964 1409 1030 ad-

158 1097 263 1145 versus
278 1077 496 1162 indignitatem
511 1077 631 1141 tantam
647 1077 755 1142 Italiae
771 1076 913 1161 periculo,
928 1078 1070 1144 omnibus
1085 1078 1174 1145 nobis
1190 1081 1280 1164 atque
1295 1079 1410 1163 ignotis

158 1194 370 1279 flagitantibus
393 1191 493 1275 parati
514 1192 568 1275 qui
590 1210 676 1256 arma
699 1194 729 1258 et
752 1192 866 1257 auxilia
888 1193 1058 1259 conferrent
1072 1195 1190 1260 cunctis
1213 1214 1304 1279 prope
1327 1194 1410 1260 chri·

157 1309 327 1375 stianitatis
350 1307 474 1392 regibus
497 1326 552 1373 noc
575 1307 713 1388 animati,
735 1327 797 1374 non
813 1307 983 1374 videremur
1004 1329 1094 1395 posse
1116 1311 1257 1377 resistere
1285 1311 1412 1377 monitis

157 1424 288 1510 querelis
318 1423 515 1507 precibusque
537 1422 670 1504 illorum,
699 1443 769 1490 oum
799 1443 854 1490 nos
884 1423 975 1490 officii
1006 1425 1105 1491 nostri
1134 1425 1272 1492 debitum
1302 1427 1410 1491 Italiae

158 1540 319 1606 calamitas
340 1541 370 1604 ot
390 1538 558 1623 periculum
574 1557 733 1604 commune
748 1543 964 1616 commoverat;
979 1542 1084 1606 tamen
1099 1541 1278 1607 adveniente
1292 1560 1345 1626 per
1360 1561 1411 1608 eos

157 1657 223 1722 dios
246 1656 298 1722 dil.
315 1655 358 1720 fil.
375 1673 482 1719 comm.
507 1655 637 1721 Herrcra
659 1674 676 1720 a
699 1657 730 1720 te
749 1655 789 1720 ad
803 1675 859 1722 nos
874 1655 1026 1722 tractandi
1041 1675 1141 1736 causa,
1163 1658 1199 1722 ut
1213 1657 1279 1740 ipse
1296 1657 1412 1723 ferebat

157 1773 262 1852 misso,
292 1771 405 1854 relapsi
435 1770 467 1835 in
489 1770 653 1854 pristinam
683 1790 767 1855 spem
798 1774 830 1836 et
858 1771 1058 1855 cupiditatem
1087 1771 1313 1838 benevolentiae
1340 1774 1411 1838 tuae

158 1887 245 1953 nobis
261 1885 484 1970 quoquomodo
500 1884 713 1965 conciliandae,
730 1885 868 1952 dimissis
884 1886 1029 1967 consiliis,
1046 1889 1330 1971 conspirationibus,
1353 1889 1408 1955 ob·

155 2001 380 2085 latioribusquc
396 2003 582 2079 cunctorum,
605 1999 692 2085 gravi
713 2001 851 2067 omnium
873 2003 1083 2087 indignatione
1106 2005 1137 2070 ot
1158 2004 1281 2088 quercla
1303 2003 1356 2088 qui
1378 2023 1411 2070 so

157 2117 287 2185 anobis
310 2115 422 2183 deserti
452 2116 683 2201 conquestam,
712 2115 752 2181 ad
780 2119 811 2183 te
834 2117 931 2185 denuo
961 2119 1196 2204 confugiendum
1225 2120 1410 2204 putavimus,

157 2234 394 2321 quaerentesque
415 2230 474 2298 tibi
489 2249 663 2316 comparare
677 2232 809 2316 gloriam
830 2234 984 2318 pacandae
998 2235 1234 2301 christianitatis
1257 2238 1288 2302 ot
1302 2236 1408 2302 mode-

156 2349 285 2416 rationis
307 2351 377 2414 tuae
393 2347 534 2414 ornnibus
550 2347 748 2414 declarandae
763 2349 961 2417 meminimus
977 2369 1012 2416 ea
1027 2352 1261 2418 conventionum
1276 2353 1410 2436 capitula

157 2485 233 2550 quae
256 2464 356 2530 dictus
380 2461 509 2530 Herrera
536 2463 681 2529 attulerat
703 2465 808 2548 paucis
837 2465 871 2530 in
893 2465 968 2532 locis
990 2466 1099 2532 leviter
1120 2467 1284 2533 immutata
1314 2467 1407 2534 remi-

156 2582 235 2646 sisse
257 2579 297 2645 ad
318 2581 349 2645 te
372 2579 602 2663 comprobanda,
626 2579 842 2664 scripsisseque
865 2599 958 2647 manu
981 2584 1086 2648 nostra
1108 2582 1222 2662 literas,
1245 2583 1355 2668 quibus
1376 2557 1409 2650 te

156 2717 210 2782 per
224 2695 283 2762 Dei
301 2693 541 2762 misericordiam
557 2695 758 2775 obsecrantes
782 2697 816 2759 ut
831 2694 980 2780 depellere
995 2696 1090 2763 vehes
1104 2697 1184 2763 hanc
1199 2697 1408 2783 suspitionem,

156 2831 234 2897 quae
256 2811 293 2877 de
316 2813 369 2876 tua
391 2809 488 2875 nimia
510 2808 677 2893 cupiditate
699 2809 842 2876 omnibus
864 2811 1037 2892 adherebat,
1064 2816 1096 2878 et
1118 2813 1352 2898 perpehritatcm
1374 2833 1410 2880 ac

157 2928 292 2993 fructum
314 2925 468 2991 amicitiae
490 2925 612 2991 nostrae
634 2925 693 2991 tibi
714 2925 934 3011 pollicebamur
956 2929 988 2993 et
1016 2928 1177 2994 consilium
1201 2928 1288 2997 fidele
1312 2929 1408 2996 daba-

157 3062 237 3122 mus,
260 3044 291 3108 et
306 3059 382 3127 quae
397 3039 527 3125 petenda
549 3041 636 3107 erant
650 3041 735 3107 omni
749 3061 819 3107 cum
834 3041 1026 3109 humanitate
1049 3045 1080 3110 et
1094 3045 1304 3111 benevolentia
1322 3047 1409 3111 abste

156 3159 349 3244 petebamus;
374 3157 568 3223 securitatem
590 3155 732 3222 videlicet
753 3157 870 3237 Italiae,
900 3157 970 3224 duci
992 3156 1166 3238 Mediolani,
1190 3159 1218 3224 si
1239 3179 1298 3245 quo
1320 3163 1409 3244 pacto

156 3276 296 3355 errasset,
318 3272 522 3351 clementiam,
545 3271 633 3338 nobis
656 3270 732 3356 ipsis
748 3291 891 3339 amorem.
922 3270 1005 3353 Quae
1027 3276 1074 3341 tot
1088 3277 1193 3341 nostra
1214 3294 1305 3360 opera
1319 3277 1409 3360 atque

156 3389 257 3456 officia
279 3407 352 3474 erga
375 3387 570 3454 serenitatem
585 3389 672 3453 tuam
694 3407 810 3455 necnon
832 3388 893 3454 alia
909 3389 1134 3474 quamplurima
1157 3410 1233 3475 quae
1256 3391 1314 3458 tibi
1330 3411 1406 3476 quo-

156 3505 231 3571 tidie
254 3524 272 3570 a
294 3504 382 3571 nobis
404 3503 574 3589 postulanti
595 3506 734 3588 prompte
757 3523 875 3588 semper
891 3505 1136 3586 concedebamus,
1159 3525 1194 3572 cx
1217 3507 1327 3591 quibus
1350 3508 1409 3572 tibi

156 3619 349 3687 commodum
371 3620 462 3705 atque
476 3620 572 3684 honor
586 3618 722 3702 quotidie
737 3620 970 3700 accrescebatur‚
993 3621 1248 3705 quamadmodum
1264 3641 1282 3688 a
1301 3626 1333 3689 te
1354 3643 1406 3689 ac-

156 3740 243 3820 cepta
265 3736 297 3801 et
318 3737 546 3818 recompensata
568 3734 686 3800 sintin
708 3737 851 3819 promptu
874 3737 921 3801 est
943 3755 1130 3820 cognoscere.
1176 3737 1315 3804 Primum
1338 3758 1406 3804 om·

156 3851 243 3918 nium
266 3853 387 3916 tuorum
409 3849 443 3914 iu
466 3849 557 3915 Italia
587 3849 745 3934 agentium
767 3850 925 3934 iniquitati
947 3853 979 3917 et
1004 3853 1197 3919 contumeliis
1219 3853 1264 3917 ita
1293 3853 1408 3919 fuimus

156 3965 294 4051 expositi,
317 3968 352 4030 ut
374 3985 444 4030 cum
459 3985 520 4031 non
542 3965 645 4030 omnia
668 3965 775 4030 statim
791 3985 825 4032 er
848 3967 971 4032 illomm
986 3967 1172 4052 praescripto
1195 3970 1226 4033 et
1241 3967 1408 4052 cupiditate

155 4083 327 4167 egissemus
349 4080 386 4147 do
409 4082 512 4147 nostra
539 4080 599 4146 fido
622 4084 653 4146 et
675 4081 831 4147 voluntate
853 4082 1100 4167 obloquerentur3
1130 4102 1244 4168 nosque
1274 4084 1355 4168 apud
1377 4085 1407 4150 te

156 4196 378 4282 suspitionibus
410 4197 545 4262 sinistris
575 4215 699 4263 onerare
736 4216 797 4262 non
827 4197 1000 4264 desinerent
1031 4218 1086 4264 nec
1122 4201 1298 4283 reputantes
1334 4199 1408 4283 quid

156 4313 292 4382 officium
321 4315 459 4379 nostrum
488 4313 642 4398 honorque
671 4312 859 4396 deposceret,
891 4314 1005 4380 vellent
1034 4333 1090 4380 nos
1125 4333 1227 4380 secum
1256 4315 1289 4380 in
1318 4335 1407 4382 omne

155 4429 327 4509 consilium,
349 4427 429 4513 quod
451 4428 515 4494 illis
538 4429 670 4513 placeret
685 4448 771 4494 ruere
792 4429 973 4513 praccipites
995 4432 1087 4514 atque
1109 4430 1162 4497 ubi
1180 4429 1315 4514 primum
1337 4449 1405 4497 mo-

155 4547 290 4614 deratius
305 4549 336 4612 et
352 4545 600 4631 circumspectius
616 4565 671 4611 nos
687 4545 919 4626 contineremus,
934 4545 1071 4612 omnium
1087 4547 1321 4631 praeteritorum
1336 4547 1406 4615 offi-
