3366 5084
763 353 983 414 440„

246 548 447 613 hortabantur
470 548 505 611 ut
527 546 629 611 omnia
653 545 712 609 tibi
734 545 965 609 concederemus
988 563 1065 627 qnae
1088 544 1187 609 tumet
1209 543 1317 608 velles:
1342 563 1377 608 11
1400 544 1497 608 altera

245 682 315 728 vero
338 682 438 728 mores
461 661 619 744 depravati
639 660 749 726 horum
772 661 951 742 temporum,
981 658 1055 723 haec
1077 659 1173 723 nimia
1195 677 1272 743 quae
1295 660 1406 724 exarsit
1427 661 1497 743 plus

246 799 365 862 semper
387 778 519 843 habendi
549 777 709 860 cupiditas,
739 795 815 858 qnae
838 775 977 840 inomni
1006 793 1115 858 genere
1145 773 1304 840 hominurn
1334 777 1441 858 turpis,
1464 775 1497 839 in

245 894 363 960 clericis
386 913 455 958 vero
479 895 510 958 et
539 869 633 958 sacris
662 893 801 975 personis
824 910 884 956 non
907 892 955 956 111
976 890 1107 968 ferenda,
1137 890 1225 955 nobis
1255 893 1342 956 erant
1364 891 1496 974 impedi·

245 1013 356 1088 mento,
379 1010 541 1093 quominus
564 1009 622 1074 tibi
644 1009 679 1072 nt
694 1009 889 1091 cupiebamus
912 1009 1053 1072 continuo
1076 1026 1249 1091 gereremus
1273 1027 1396 1072 morem.
1420 1005 1497 1071 Cum

245 1125 328 1190 enirn
356 1144 412 1191 nos
442 1125 525 1207 ipsos
555 1124 766 1207 intelligamus
796 1124 846 1188 bis
876 1123 997 1189 miseris
1028 1125 1059 1186 et
1088 1123 1211 1188 afflictis
1240 1123 1428 1206 temporibus
1458 1122 1497 1187 ab

244 1242 452 1325 omnipotente
474 1241 538 1306 Deo
561 1241 595 1305 in
617 1257 722 1304 curam
747 1239 793 1304 sui
809 1240 913 1323 gregis
935 1240 1066 1316 uocatos,
1090 1240 1124 1303 ut
1147 1238 1281 1323 aliquam
1297 1239 1448 1304 medelam
1467 1240 1499 1304 et

245 1357 368 1441 aliquod
398 1356 566 1421 remedium
596 1355 751 1420 communi
788 1355 869 1419 malo
901 1354 1085 1420 christianae
1114 1354 1297 1438 reipublicae
1326 1354 1497 1432 afferamus

243 1473 317 1539 haec
339 1473 439 1556 prima
463 1473 622 1537 videbatur
651 1491 703 1554 per
726 1488 781 1536 111
804 1470 896 1534 malis
919 1470 1055 1535 moribus
1086 1470 1270 1535 obstruenda
1294 1470 1342 1533 via
1365 1489 1439 1546 esee,
1463 1470 1498 1534 ut

244 1591 277 1654 in
306 1589 482 1673 pluralitate
512 1587 733 1652 cathedralium
764 1586 968 1664 ecclesiarum,
1001 1605 1066 1651 rem
1095 1586 1245 1668 paulatim
1275 1584 1314 1649 ad
1343 1603 1497 1650 sacrorum

244 1724 394 1771 canonum
410 1704 530 1771 ordines
553 1707 584 1768 11
598 1703 743 1768 instituta
766 1720 989 1779 revocaremus,
1013 1720 1109 1785 neque
1133 1701 1208 1766 duas
1225 1703 1278 1766 aut
1293 1701 1395 1784 plures
1419 1703 1496 1766 tales

244 1821 387 1886 ecclesias
410 1819 567 1885 obtinendi
596 1819 775 1883 facultatem
804 1817 921 1901 passim
952 1817 1161 1882 tribueremus
1208 1817 1290 1883 Haec
1312 1835 1383 1901 ergo
1406 1835 1496 1882 cansa

243 1936 375 2001 1111111
398 1954 453 2000 nos
476 1933 655 2017 aliquandiu
678 1933 777 1998 tonuit
792 1932 907 1998 dubios.
933 1931 992 1997 Sed
1015 1951 1085 1997 cum
1108 1932 1243 2016 quotidie
1266 1932 1376 2016 magis,
1399 1932 1495 1998 eccle·

245 2052 360 2117 siarum
375 2051 506 2116 istarum
521 2051 717 2132 utrarumque
733 2048 973 2116 Wormaciensis
989 2051 1020 2113 et
1034 2048 1235 2114 Traiectensis
1250 2049 1447 2114 necessitates
1463 2067 1498 2112 ac

244 2165 436 2231 incommoda
451 2165 610 2230 nobiscnm
634 2167 851 2248 reputaremus,
875 2184 1003 2249 quarum
1026 2165 1123 2229 altera
1137 2165 1171 2229 in
1193 2163 1259 2247 ipso
1275 2163 1412 2230 incendio
1435 2165 1496 2230 im-

244 2281 368 2364 pietatis
384 2280 552 2346 1111111111
568 2281 680 2345 animis
703 2281 815 2363 pravis,
839 2283 870 2345 et
886 2300 903 2344 a
925 2282 1007 2346 recta
1025 2279 1085 2344 fide
1100 2278 1265 2344 rebellibus
1281 2280 1392 2345 referta
1407 2283 1497 2358 esset,

244 2397 340 2461 altera
363 2396 506 2461 maximis
531 2395 723 2462 detrimentis
746 2397 777 2460 11
800 2395 1028 2460 calamitatibus
1051 2395 1196 2472 involuta,
1227 2415 1355 2479 quarum
1378 2397 1498 2480 utrique

244 2511 439 2596 prudentiam
462 2514 493 2576 11
523 2512 735 2577 auctoritatem
766 2513 853 2576 tuam
876 2513 906 2576 et
929 2512 1041 2576 auxilio
1072 2513 1103 2576 et
1125 2512 1297 2577 levamento
1320 2531 1386 2576 1111
1408 2531 1498 2596 posse

244 2626 509 2710 intelligebamus;
532 2647 661 2711 cumque
676 2630 708 2692 et
723 2629 820 2692 virtus
844 2628 897 2692 tna
912 2627 1032 2705 1111111,
1056 2629 1088 2692 11
1102 2627 1238 2692 familiae
1253 2630 1323 2693 tuae
1347 2627 1497 2710 splendor,

243 2742 543 2827 clarissimorumque
571 2744 604 2807 in
627 2763 662 2808 ea
685 2762 765 2808 nunc
788 2744 921 2808 virorum
952 2745 983 2808 et
1005 2743 1177 2827 principum
1207 2743 1338 2809 maxime
1368 2744 1496 2808 virtutes

241 2878 336 2942 aeque
365 2858 398 2923 in
421 2858 594 2926 defensione
623 2879 711 2924 verae
733 2862 765 2924 et
794 2859 936 2942 antiquae
966 2859 1038 2924 fidei
1067 2859 1152 2924 etin
1181 2860 1294 2924 honore
1317 2859 1432 2924 Christi
1461 2879 1497 2925 ac

242 2975 332 3039 huius
356 2977 478 3041 sanctae
502 2974 582 3039 aedis
597 2974 748 3058 dignitate
771 2975 936 3052 retinenda,
960 2975 991 3039 et
1007 2991 1125 3057 semper
1140 2975 1226 3051 alias,
1249 2977 1280 3039 et
1302 2994 1381 3040 nunc
1404 2995 1493 3058 prae-

242 3090 329 3172 cipue
351 3093 475 3172 paratae
498 3091 694 3157 anteoculos
710 3089 798 3155 nobis
821 3090 1060 3169 obversarentur,
1083 3091 1148 3173 pati
1169 3108 1230 3156 non
1253 3091 1408 3173 potuimus
1424 3110 1493 3156 arn-

242 3205 323 3287 plins
347 3223 464 3269 moram
487 3205 593 3282 ullam,
616 3207 790 3289 vocatisque
806 3209 928 3271 tuarum
951 3226 1052 3272 rerum
1069 3209 1099 3270 et
1122 3207 1317 3290 negociorum
1332 3207 1494 3272 actoribus

242 3320 432 3384 ostendimus
455 3321 598 3386 11111111
621 3321 687 3399 tibi,
711 3324 811 3387 cetera
834 3322 956 3406 quidem
980 3322 1083 3388 omnia
1105 3322 1200 3387 libere
1223 3342 1258 3387 ac
1280 3323 1420 3402 libenter,
1444 3343 1493 3388 re·

243 3437 410 3502 tentionem
426 3454 496 3502 vero
512 3437 751 3502 Wormaciensis
775 3438 976 3504 coadiutoriae
992 3440 1023 3503 et
1039 3438 1258 3504 successionem
1282 3439 1390 3504 deinde
1412 3440 1445 3504 in
1461 3459 1496 3504 ea

244 3551 283 3615 ad
306 3553 426 3634 tempus
451 3571 501 3616 111
524 3553 678 3618 mensium
701 3555 732 3618 et
754 3556 907 3636 praeterea
930 3553 968 3618 ad
992 3555 1131 3619 nostrum
1154 3556 1185 3619 et
1208 3554 1288 3619 sedis
1312 3555 1495 3638 apostolicae

243 3667 468 3749 beneplacitum
490 3686 699 3733 concessuros:
729 3670 885 3734 1111111
913 3669 1044 3752 priorem
1068 3669 1318 3735 deliberationem
1348 3673 1494 3748 nostram,

244 3779 342 3863 quoad
365 3781 485 3846 licitum
508 3785 867 3862 1111111111111111111,
890 3787 921 3849 et
943 3784 1145 3850 nihilominus
1161 3785 1406 3850 satisfaceremus
1428 3787 1495 3862 tibi,

243 3895 291 3960 cui
314 3897 481 3978 plurimum
510 3898 650 3980 cupimus
680 3915 746 3964 1111
771 3900 970 3966 satisfactum.
1016 3897 1115 3980 Quam
1146 3899 1329 3966 decisionem
1360 3903 1495 3968 nostram

245 4013 278 4076 ut
302 4011 334 4075 in
357 4029 425 4076 earn
447 4015 566 4096 partem
582 4015 721 4097 accipias,
744 4017 777 4080 in
793 4033 883 4098 qnam
908 4035 962 4081 nos
978 4015 1036 4080 tibi
1059 4017 1176 4093 damus,
1200 4016 1391 4082 devotionem
1410 4019 1495 4082 tuam

243 4145 425 4211 magnopere
454 4128 626 4194 hortamur:
656 4132 822 4196 nonenim
852 4132 991 4196 volumus
1014 4135 1045 4197 11
1067 4133 1279 4214 pertimescere
1310 4132 1494 4198 brevitatem

242 4242 397 4325 temporis,
426 4263 497 4310 curn
519 4245 744 4329 beneplacitum
766 4247 843 4312 illud
872 4247 971 4330 possit
993 4249 1163 4331 prorogari:
1193 4267 1289 4330 neque
1319 4248 1493 4312 existimare

240 4358 271 4420 te
293 4357 325 4420 11
347 4359 400 4422 111
415 4377 523 4440 parum
539 4361 626 4426 nobis
650 4381 717 4427 esse
732 4381 828 4438 curae,
852 4363 947 4428 immo
963 4363 1019 4427 hoc
1034 4365 1152 4428 certum
1167 4364 1356 4445 exploratum
1379 4362 1494 4428 habeas

241 4471 391 4550 volumus
421 4493 476 4540 nos
499 4477 535 4542 do
558 4477 706 4561 augendis
737 4497 863 4563 semper,
894 4497 955 4544 non
978 4477 1014 4544 de
1040 4478 1222 4557 minuendis,
1245 4477 1308 4544 tuis
1330 4477 1496 4544 honoribus
