3396 5090
692 349 937 414 -219-

185 542 286 611 ineis
314 541 491 609 hominibus
520 542 671 627 eligendis
692 543 746 628 qui
768 542 847 628 apud
879 547 983 608 ser.teu
1007 544 1094 608 tuam
1122 545 1227 610 nostra
1256 544 1287 608 et
1310 541 1440 610 emotae

187 657 274 724 Sedis
297 659 481 742 apostolicae
502 659 627 743 negotia
647 659 811 725 tractaturi
833 659 904 740 sint,
928 659 1094 726 maximam
1116 658 1148 725 et
1169 658 1242 725 fidei
1264 660 1297 724 et
1318 658 1441 724 virtutis

187 774 336 841 rationem
367 775 542 840 habeamus.
595 771 797 857 domitaque
827 775 965 840 revocato
995 773 1034 838 ad
1056 793 1112 840 nos
1135 774 1187 840 dil
1210 773 1253 840 bl
1276 772 1442 841 Melchiore

185 891 292 975 lango
314 889 367 975 qui
389 889 470 973 apud
491 891 523 956 te
545 889 691 955 nunoium
713 892 854 956 nostrum
876 889 1006 958 fideliter
1029 891 1160 974 apteque
1181 889 1288 974 gessit
1316 889 1442 956 missuri

186 1025 324 1073 essemus
338 1005 438 1072 virum
453 1006 583 1089 probum
604 1004 697 1090 longe
719 1005 808 1072 nobis
823 1005 1035 1072 familiaritate
1051 1007 1215 1090 probatum
1238 1005 1442 1090 eteognitunn

187 1122 240 1206 qui
269 1121 392 1188 easdem
415 1121 496 1187 viees
525 1119 684 1200 obtineret
714 1119 881 1188 detulimus
903 1122 983 1188 hane
1014 1122 1103 1189 nobis
1132 1121 1288 1205 imprimis
1317 1122 1442 1188 obamm

187 1239 445 1322 opportunamque
467 1237 655 1320 provinciam
679 1237 732 1303 dil
754 1237 784 1303 fi.
808 1237 924 1304 Uberto
947 1237 984 1302 de
1008 1235 1174 1304 Gambaris
1197 1237 1317 1304 notario
1338 1240 1443 1304 nostro

186 1353 305 1420 homini
327 1355 358 1418 et
379 1352 539 1420 nobilitate
562 1353 682 1436 generis
706 1355 737 1419 et
759 1353 947 1436 praestantia
968 1353 1086 1438 ingenii
1109 1372 1184 1421 sane
1206 1372 1299 1438 qnam
1322 1353 1442 1435 eximio,

186 1469 247 1535 fido
270 1471 373 1536 autem
395 1468 484 1535 nobis
506 1469 538 1534 et
553 1469 674 1551 eeoepte
698 1467 838 1547 maxime,
861 1469 915 1552 qni
937 1467 976 1534 ad
998 1468 1174 1535 tenmoius
1198 1471 1303 1535 noster
1317 1469 1442 1537 veniens

187 1584 291 1652 omnis
319 1585 424 1650 nostro
452 1575 580 1650 consilia
602 1583 755 1667 perferret
784 1602 920 1668 quaeque
949 1584 988 1649 ed
1010 1603 1171 1652 commune
1202 1585 1316 1651 bonnm
1338 1584 1441 1669 reipu-

187 1698 284 1766 blioae
307 1699 492 1768 christianae
514 1700 545 1766 et
567 1699 659 1765 huius
683 1697 754 1765 sa·
777 1697 865 1766 Sedis
888 1699 1039 1783 pertinere
1063 1699 1152 1766 nobis
1174 1699 1335 1768 videantur
1357 1701 1443 1785 large

188 1816 289 1882 tenum
311 1815 365 1882 ille
387 1815 632 1882 eommuuiearet
679 1811 739 1880 Sed
761 1813 822 1880 etsi
852 1815 966 1881 seimus
991 1835 1084 1900 quem
1106 1835 1162 1882 nos
1185 1835 1256 1884 oum
1278 1815 1328 1884 his
1350 1834 1441 1883 man·

188 1929 269 1996 datis
292 1929 332 1995 ad
354 1937 459 1998 serlom
476 1932 562 1998 tuem
585 1929 740 1996 mittimus
763 1949 833 1996 eum
856 1950 889 1998 se
910 1932 970 1997 tibi
984 1931 1081 1999 etiem
1105 1931 1170 1999 sine
1192 1932 1315 1999 hortatu
1339 1934 1443 1998 nostro

188 2065 242 2130 pro
257 2047 311 2112 tua
326 2046 477 2132 singulari
491 2049 523 2112 et
536 2047 682 2130 perpetua
703 2064 777 2131 erga
796 2065 852 2114 nos
867 2047 1073 2115 benivolentia
1088 2049 1213 2132 ςιιιιιιιιι
1229 2049 1443 2132 abreptumque

187 2161 265 2239 fore;
294 2163 453 2228 hortamur
482 2164 587 2229 tumen
622 2161 850 2230 consuetudinis
879 2181 971 2230 eausa
1000 2162 1129 2231 eandem
1158 2173 1263 2230 ser.tem
1293 2165 1380 2230 tuam
1410 2163 1444 2228 in

188 2278 320 2346 Domino
350 2281 385 2344 ιιι
414 2297 484 2344 eum
513 2278 645 2362 benigne
673 2277 808 2362 eooipere
838 2279 1026 2365 libenterque
1056 2279 1161 2347 andire
1190 2280 1267 2348 velis
1295 2283 1386 2365 atque
1415 2279 1445 2346 ei

190 2411 345 2460 summam
366 2393 504 2460 omnium
520 2412 621 2460 rerum
643 2394 737 2462 fidem
759 2393 912 2462 adhibere.
958 2393 1047 2476 Quod
1060 2395 1154 2464 motet
1176 2403 1272 2464 sere·
1286 2397 1341 2462 tna
1355 2395 1443 2463 nobis

189 2509 321 2576 maxime
336 2511 476 2594 optatum
490 2511 523 2576 et
545 2529 602 2576 sua
623 2509 754 2594 pristim
770 2510 963 2578 humanitate
981 2511 1211 2596 dignissimum.
1256 2513 1373 2579 Datum
1388 2513 1444 2579 eto.

784 2772 856 2837 168.

706 2937 934 2996 Eboraeensi.

278 3090 397 3156 Dileote
412 3089 459 3156 dli
480 3090 591 3157 noster.
630 3088 797 3174 Nunquam
819 3089 911 3156 latuit
927 3091 1229 3175 oiroumepeetionem
1243 3091 1330 3157 tuam
1345 3110 1443 3176 quun·

190 3205 257 3272 tum
278 3225 335 3272 noe
357 3205 430 3271 fidei
451 3205 602 3290 quantum
617 3205 683 3290 spei
705 3224 824 3290 semper
845 3205 1037 3290 posuerimus
1058 3206 1093 3274 in
1108 3207 1162 3272 tua
1187 3225 1309 3272 summa
1331 3206 1445 3273 virtute

189 3322 280 3406 atque
302 3319 464 3406 prudentia
485 3320 520 3386 in
541 3320 592 3388 bis
614 3322 704 3388 rebus
732 3321 901 3388 traetsndis
923 3323 955 3388 et
976 3321 1172 3389 moderandis
1195 3340 1273 3407 quae
1295 3321 1334 3388 ed
1357 3341 1444 3388 snm·

189 3455 273 3503 mem
302 3436 488 3504 christianae
516 3436 700 3520 reipublioae
728 3437 897 3521 pertinent,
927 3456 1003 3522 quae
1034 3437 1061 3503 ei
1084 3438 1161 3504 alies
1192 3456 1336 3521 unquam,
1365 3455 1446 3504 nune

189 3552 311 3637 magnis
333 3552 476 3637 perieulis
499 3553 587 3620 nobis
610 3553 730 3620 videtur
752 3555 897 3638 exposita,
927 3554 976 3620 rel
998 3553 1184 3622 immanium
1206 3553 1374 3620 Turearum
1396 3553 1446 3620 vel

187 3667 405 3736 immaniorum
434 3667 530 3734 etiam
553 3667 754 3736 hereticorum
784 3669 970 3736 tumultibus
993 3687 1029 3735 ao
1062 3669 1185 3736 insidiis
1208 3669 1320 3754 ubique
1341 3669 1445 3736 ineru-

187 3783 339 3869 gentibus.
386 3780 504 3863 Quibus
526 3781 656 3870 aliisque
677 3784 712 3850 in
734 3783 886 3868 procellis,
910 3803 949 3851 ne
972 3785 1079 3850 saneta
1100 3783 1189 3851 naris
1215 3783 1301 3851 Petri
1321 3783 1446 3868 periali·

188 3897 249 3964 tari
270 3897 383 3964 babeat
411 3917 594 3984 magnopere
608 3899 704 3966 ‚nobis
727 3901 760 3966 et
782 3901 855 3966 tuae
876 3918 997 3985 quoque
1020 3899 1099 3966 airu
1117 3918 1172 3983 pro
1198 3918 1311 3984 magno
1333 3899 1447 3968 bonore

188 4033 279 4096 quem
301 4013 384 4098 geris
405 4012 625 4097 providendum
648 4015 704 4094 est
727 4017 762 4080 ιιι
784 4015 817 4080 in
839 4014 963 4082 bomine
987 4033 1105 4100 qnoque
1128 4014 1269 4099 eligendo
1290 4015 1344 4098 qui
1366 4015 1447 4100 apud

188 4130 220 4194 te
242 4129 274 4195 et
294 4127 534 4196 invictissimum
563 4130 661 4196 istum
683 4149 788 4214 regern
810 4133 916 4197 nostra
938 4133 971 4197 et
993 4129 1081 4198 Sedis
1111 4130 1295 4215 apostolieae
1323 4131 1447 4216 negotia

188 4244 299 4310 tacut
327 4243 495 4310 maximam
518 4247 549 4311 et
571 4244 644 4311 fidei
665 4247 697 4311 et
720 4244 843 4312 virtutis
874 4244 1147 4313 oonsiderationem
1176 4245 1288 4312 babere
1310 4263 1366 4312 nos
1389 4243 1444 4312 de-

189 4359 332 4438 beamus3
355 4381 426 4425 oum
440 4363 545 4444 itaqae
560 4361 615 4426 eto.
634 4361 767 4444 (maere
782 4370 820 4426 at
833 4365 868 4428 in
882 4365 1039 4448 napaeos
1053 4361 1160 4426 ιιιιενα
1175 4365 1306 4426 ιιιιιιαιιι
1322 4361 1445 4442 tidie).

188 4475 304 4541 Romae
326 4475 406 4561 apud
430 4473 511 4543 Siue
527 4475 653 4541 Petrum
676 4477 731 4543 eto.
756 4475 804 4542 die
819 4477 896 4542 xxvi
913 4476 1072 4542 Itebnssrii
1086 4475 1218 4542 mdxrvi.
1243 4478 1331 4542 Anno
1347 4475 1445 4552 terlio,
