3396 5090
780 295 1025 363 ..200-

153 529 157 544 ·
273 488 410 554 restrum
425 490 650 573 expectaremus
665 487 763 574 ipsine
779 487 1034 555 commendatoris
1055 487 1212 556 festinatio
1235 489 1267 554 et
1281 489 1424 575 angustia
1444 491 1528 558 tem·

273 603 356 688 poris
378 603 485 672 effecit
531 602 607 671 (inm
630 604 712 671 enim
734 604 788 671 1116
809 605 877 690 ipso
898 605 997 690 primo
1019 605 1152 671 adventu
1175 604 1283 671 statim
1305 605 1344 672 ad
1367 603 1527 673 Caesarem

273 719 476 804 rescripturus
506 721 602 799 esset,
639 721 854 807 quaereretque
889 721 1033 788 notitiam
1062 720 1094 786 et
1122 720 1375 788 deliberationem
1405 723 1527 789 nostrae

274 835 451 915 voluntatis,
473 854 535 902 666
557 834 617 902 1611
631 836 844 917 cunctandum,
867 857 937 904 cum
960 835 1060 902 omnis
1083 835 1158 902 hora
1181 835 1212 901 et
1226 854 1316 903 omne
1338 841 1527 904 momentum

272 969 403 1034 magnas
425 971 474 1018 res
498 951 575 1017 16666
597 971 700 1020 secum
722 954 755 1019 61
768 953 883 1037 eripere
904 953 1016 1037 posset
1039 951 1113 1036 quin
1136 951 1297 1019 consilium
1314 952 1450 1018 subitum
1474 971 1525 1018 ca·

273 1083 413 1149 peremne
443 1067 643 1152 respondendi
666 1069 697 1134 et
727 1066 922 1136 deliberandi.
969 1066 1055 1149 Quod
1077 1068 1137 1153 ipsi
1166 1068 1279 1134 oratori
1309 1071 1409 1136 restro
1439 1087 1527 1135 omne

272 1181 480 1265 patefecimus,
504 1185 535 1250 et
556 1185 592 1249 ut
613 1184 808 1265 arbitramur,
830 1184 875 1250 ita
898 1203 963 1250 rem
988 1184 1230 1250 examinavimus
1254 1185 1289 1250 ut
1310 1183 1344 1250 16
1366 1187 1527 1269 utramque

273 1298 392 1381 partem
414 1300 495 1364 esset
517 1298 680 1366 consilium
702 1301 843 1366 nostrum
865 1302 968 1366 tntum
990 1301 1021 1367 et
1044 1299 1186 1366 salutare.
1232 1297 1265 1365 Si
1280 1298 1372 1380 onim,
1393 1299 1427 1366 id
1448 1301 1528 1384 quod

273 1412 421 1480 confidere
443 1433 615 1498 possumus,
639 1416 777 1482 Caesaris
801 1417 942 1482 voluntas
966 1415 1005 1481 ad
1027 1435 1133 1501 paoem
1162 1417 1194 1481 et
1222 1415 1397 1482 libertatem
1420 1415 1529 1482 Italiae

273 1549 421 1615 propensa
443 1531 544 1612 tuerit,
566 1551 693 1617 eamque
709 1532 801 1599 fidem
824 1551 1021 1618 quamsaepe
1044 1532 1131 1598 nobis
1147 1530 1281 1598 ostendit
1303 1532 1445 1599 restituto
1467 1531 1525 1597 dn-

272 1647 342 1711 6616
357 1645 523 1714 Mediolani
546 1647 685 1714 ducisne
708 1649 739 1715 et
761 1649 888 1714 caeteris
904 1649 994 1714 rebus
1010 1648 1049 1713 ad
1071 1648 1152 1714 hunc
1173 1647 1266 1714 finem
1281 1646 1414 1727 directis,
1436 1666 1526 1732 prae-

274 1761 398 1841 stiterit,
420 1764 535 1829 erimus
559 1764 709 1850 singulari
730 1765 789 1831 Dei
812 1763 1030 1850 omnipotentis
1052 1763 1206 1844 beneficio,
1238 1763 1362 1848 magnis
1384 1763 1528 1849 periculis

273 1879 304 1942 et
326 1878 512 1949 tumultibus
533 1879 670 1957 liberati;
695 1881 722 1946 si
744 1900 814 1947 vero
838 1900 906 1966 spes
929 1881 1051 1947 nostrae
1081 1898 1167 1945 secus
1197 1879 1368 1957 ceciderint
1398 1880 1471 1946 tnnc
1492 1899 1528 1945 ea

273 1991 408 2059 remedie
430 1993 584 2080 capiemus
607 2015 684 2081 quae
706 1995 820 2061 fuerint
833 1996 1013 2076 necessaria,
1037 1995 1075 2061 ad
1098 2013 1175 2080 quae
1197 1993 1319 2079 quidem
1334 1996 1434 2062 Deum
1456 2014 1527 2080 pre-

275 2125 380 2174 camur
405 2130 443 2176 ne
465 2110 648 2177 veniendum
671 2111 759 2178 nobis
783 2111 831 2176 611.
879 2109 938 2177 Sed
960 2113 1040 2178 certe
1063 2111 1204 2176 volumus
1226 2109 1419 2177 nobilitatem
1441 2112 1528 2176 tuam

272 2224 317 2288 ite
341 2225 482 2306 statuere,
505 2244 560 2292 666
576 2245 631 2293 666
645 2229 784 2293 nostram
807 2228 938 2294 salutem
963 2245 998 2292 66
1013 2225 1197 2310 dignitatem
1219 2225 1317 2292 ullam
1331 2227 1439 2311 putare
1462 2225 1528 2292 6166

274 2339 373 2405 seinte
395 2341 426 2405 et
448 2339 601 2426 dignitate
622 2343 732 2422 restra
755 2362 810 2410 nec
839 2342 1001 2409 consilium
1025 2341 1113 2408 nobis
1137 2341 1236 2407 ullum
1259 2341 1321 2408 nisi
1343 2341 1380 2408 de
1402 2340 1529 2408 consilio

274 2457 374 2522 restro
397 2475 464 2523 esse
486 2458 635 2542 capturos.
681 2455 769 2537 Quod
791 2477 871 2525 6666
901 2459 1024 2542 repente
1047 2460 1079 2524 et
1099 2476 1153 2542 per
1176 2437 1358 2524 breuitatem
1380 2457 1528 2542 temporis

274 2571 389 2636 factum
404 2573 452 2637 est
467 2573 564 2639 utros
579 2592 641 2640 666
655 2574 890 2655 consuleremus,
904 2573 937 2640 id
952 2573 1061 2639 habuit
1076 2572 1290 2640 necessitatem
1304 2572 1529 2651 inevitabilem

273 2685 373 2752 omnis
405 2687 527 2772 quidem
557 2690 661 2755 666166
684 2688 830 2774 cogitatio
854 2689 892 2755 nd
915 2708 968 2755 ros
991 2689 1111 2755 intenta
1142 2708 1261 2773 semper
1290 2689 1349 2754 1611
1371 2688 1529 2754 etfutura

274 2802 330 2882 661,
352 2821 463 2871 nomen
478 2803 560 2871 euim
584 2806 615 2871 et
629 2804 804 2872 libertatem
820 2804 852 2872 61
866 2803 957 2872 decus
972 2805 1082 2871 Italiae
1104 2803 1299 2889 cumprimis
1322 2803 1355 2870 16
1370 2803 1456 2870 vobis
1474 2803 1525 2871 16-

272 2918 444 3003 telligimus
474 2919 618 3004 positum
664 2919 724 2987 Sed
753 2940 840 3006 spem
870 2920 903 2988 16
925 2919 1057 2987 Domino
1079 2920 1144 2986 Deo
1173 2919 1336 3000 hebemus,
1366 2919 1526 2986 meliorem

274 3033 338 3100 1666
353 3032 521 3114 Caesarem,
543 3053 636 3119 quam
651 3035 781 3102 forsitan
803 3037 902 3122 ipsius
923 3036 1060 3104 ministri
1075 3034 1179 3114 661161,
1195 3035 1248 3120 qui
1270 3055 1306 3101 ex
1321 3037 1442 3118 sperata
1455 3053 1529 3119 pace

275 3149 468 3234 oppressione
491 3151 590 3217 status
606 3150 844 3220 Mediolanensis
859 3154 942 3218 atron
966 3152 1082 3218 bellum
1104 3151 1234 3217 excitare
1257 3150 1358 3217 conati
1380 3151 1460 3229 sunt,
1478 3149 1528 3216 cui

276 3265 359 3330 melo
381 3263 478 3349 ipsius
503 3263 640 3333 Caesaris
663 3267 801 3354 aequites
824 3269 856 3333 et
870 3265 1029 3352 prudentia
1051 3265 1259 3350 opitulabitur.
1304 3267 1377 3332 dut·
1390 3265 1417 3332 si
1439 3264 1529 3332 611166

277 3379 419 3460 evenerit,
442 3400 556 3466 noeque
580 3402 632 3467 spe
648 3383 720 3449 16161
742 3384 865 3463 erimus,
895 3402 956 3449 666
978 3401 1085 3448 snmus
1107 3400 1142 3448 66
1165 3401 1237 3448 casu
1260 3401 1315 3448 nec
1337 3382 1455 3448 restrae
1477 3380 1525 3448 di·

277 3495 394 3580 guibeti
415 3516 471 3563 666
495 3498 588 3564 saluti
610 3497 719 3565 1161166
742 3501 805 3566 6116
826 3501 891 3565 loco
914 3497 1054 3565 defuturi
1100 3493 1186 3563 Sicut
1207 3517 1276 3563 cnm
1299 3497 1405 3564 eodem
1426 3497 1529 3563 Marco

276 3611 394 3678 oratore
417 3615 517 3679 vestro
545 3613 640 3680 latius
670 3614 765 3680 locuti
795 3633 910 3694 sumus,
939 3613 991 3699 qni
1018 3611 1057 3679 ad
1086 3631 1139 3679 uos
1161 3612 1250 3696 plone
1279 3611 1382 3678 omnia
1410 3613 1526 3680 referet

272 3726 388 3792 Datum
411 3727 526 3795 Romae
548 3730 604 3796 eto.
627 3730 676 3797 die
698 3729 755 3796 nix.
778 3729 957 3796 Decembris
979 3727 1098 3795 mdxrv.
1144 3727 1232 3794 Anno
1255 3728 1356 3794 tertio.

867 3989 939 4055 155.

766 4155 852 4227 Regi
875 4153 1035 4227 angliae.

361 4303 534 4372 Carissimo.
571 4305 729 4373 Credimus
753 4309 829 4373 666.11
848 4309 919 4374 1666
941 4307 1015 4374 nota
1036 4327 1103 4374 esse
1119 4305 1221 4374 studio
1236 4308 1341 4374 nostra
1362 4307 1523 4392 praeterito

271 4419 475 4488 conciliandae
491 4422 660 4489 communis
676 4421 767 4507 pacis,
784 4421 816 4490 16
832 4422 942 4508 quibus
965 4441 1021 4488 nos
1045 4441 1164 4507 semper
1178 4423 1447 4506 perseveravimus,
1469 4441 1523 4489 nec
