3364 5102
665 363 909 436 -351-

160 569 287 647 fuerant,
310 559 389 632 illud
412 561 515 632 solatii
537 562 702 632 habuimus
725 564 804 650 quod
827 583 987 651 syncerum
1010 563 1220 652 optimumque
1245 579 1268 634 s.
1288 583 1314 634 v.
1338 581 1412 651 erga

159 703 214 750 nos
236 682 376 748 animum
399 684 490 767 atque
513 700 648 748 amorem
663 681 832 766 perspicere
847 682 906 748 visi
930 701 1045 762 sumus,
1068 699 1144 768 quae
1158 685 1278 767 praeter
1293 684 1412 750 caetera

158 801 246 867 tanta
268 798 494 866 benevolentiae
524 817 597 882 erga
619 816 675 864 nos
698 798 922 882 signifieatione
951 798 1065 885 seripta
1087 800 1167 866 nihil
1197 801 1235 866 ab
1258 799 1411 884 aequitate

159 917 190 982 et
210 913 334 982 iusticia
348 915 484 980 alienum
499 914 536 980 de
559 914 647 980 nobie
662 913 781 981 eredere
805 933 836 982 se
851 933 940 1000 posse
955 915 1077 994 latetur,
1099 935 1135 982 ae
1150 916 1231 982 tenti
1245 935 1302 982 nos
1318 915 1412 982 faeiat

158 1032 193 1096 ut
215 1030 298 1098 diem
327 1049 359 1098 se
389 1049 509 1097 summe
536 1029 714 1097 desiderare.
736 1031 827 1097 utin
855 1030 943 1097 nobie
973 1031 1097 1098 unicam
1126 1051 1212 1116 spem
1241 1032 1353 1117 quietis
1381 1033 1413 1099 et

158 1146 322 1232 dignitatis
345 1165 416 1214 suae
439 1146 581 1223 oollooet;
603 1165 680 1229 quae
702 1147 835 1230 prefecto
858 1148 950 1214 verba
978 1148 1059 1214 tanti
1081 1148 1162 1232 apud
1184 1168 1241 1215 nos
1263 1148 1412 1216 momenti

158 1263 241 1329 fuere
265 1264 301 1328 ut
322 1262 473 1330 fateamur
495 1261 528 1328 id
549 1262 666 1328 fantum
688 1262 768 1347 quod
791 1281 948 1347 nunquam
971 1263 1105 1330 aonidere
1127 1283 1215 1349 posse
1238 1264 1410 1332 arbitraba·

159 1398 229 1445 mur
251 1380 286 1445 ut
301 1377 416 1464 aliquid
433 1379 554 1445 nostrae
577 1377 722 1446 aduersus
744 1398 812 1446 eam
835 1379 944 1464 pietati
966 1381 997 1446 et
1012 1381 1222 1448 observantiae
1237 1381 1413 1458 adderetur3

159 1495 244 1561 euius
267 1495 423 1580 augendae
444 1495 548 1560 nullus
571 1494 695 1562 omuino
723 1494 857 1580 amplius
879 1495 964 1562 loeus
986 1495 1115 1563 existere
1137 1495 1304 1564 videbatur.
1352 1495 1412 1563 Sed

159 1610 241 1697 quod
262 1610 302 1678 ad
322 1609 429 1678 faedus
459 1611 571 1678 attinet
594 1611 699 1695 pauois
727 1629 818 1696 egere
840 1612 990 1678 volumus.
1034 1611 1119 1678 Nam
1147 1632 1242 1698 quum
1264 1612 1301 1680 de
1323 1613 1412 1680 nobis

159 1746 195 1794 ea
218 1727 332 1795 sentiat
354 1747 377 1792 s.
393 1748 421 1793 v.
436 1745 514 1811 quae
535 1728 645 1794 morito
659 1728 761 1812 potest
782 1730 819 1796 ut
840 1729 872 1796 et
885 1727 958 1796 fidei
972 1730 1124 1796 amatores
1146 1729 1178 1795 et
1192 1729 1412 1814 promissemm

158 1845 280 1910 tenaees
301 1861 357 1910 uos
379 1842 542 1924 existimet,
564 1845 693 1910 nonest
715 1863 807 1929 quere
828 1844 861 1912 in
883 1863 952 1912 eam
975 1844 1159 1912 sententiam
1173 1845 1324 1930 pluribus,
1336 1863 1412 1931 aga·

160 1979 245 2037 mus;
270 1960 327 2026 sud
348 1959 427 2025 illud
442 1958 570 2026 minime
592 1960 688 2026 latere
703 1961 844 2027 uolumus
868 1981 891 2027 s.
907 1982 934 2027 v.
958 1980 1014 2028 nos
1030 1960 1147 2027 seilicet
1169 1961 1271 2045 eapite
1285 1979 1413 2045 eaquae

160 2078 245 2142 extra
267 2075 372 2142 faedus
394 2074 574 2142 ooneordeta
604 2077 692 2144 eraut
714 2078 842 2161 probare
872 2096 906 2144 oo
929 2078 1065 2162 tempore
1095 2096 1154 2161 quo
1176 2076 1282 2144 feodus
1311 2075 1415 2161 ipsum

118 2221 121 2226 ¹
161 2191 350 2277 suscepimus
365 2192 515 2272 noluisse:
538 2211 576 2258 ue
590 2187 666 2260 ‘dum
681 2193 791 2260 Italiae
812 2193 967 2278 imprimis
982 2193 1117 2279 quietem
1132 2195 1222 2278 atque
1237 2191 1413 2277 tranquilli-

159 2307 257 2374 tatem
279 2325 314 2374 eo
337 2325 477 2392 percusso
500 2307 619 2375 laedere
633 2287 745 2374 ‘aurare
761 2308 907 2389 videmur,
930 2309 1031 2375 maius
1046 2309 1169 2394 aliquod
1191 2308 1309 2375 malum
1331 2308 1413 2374 erei-

159 2425 311 2500 taremus3
334 2423 414 2508 quod
429 2423 552 2508 quidem
575 2427 606 2490 et
627 2444 662 2491 eo
677 2425 803 2494 liberius
826 2444 845 2490 a
867 2425 955 2493 nobis
977 2425 1044 2492 fieri
1058 2443 1148 2510 posse
1169 2424 1413 2491 existimavimus

160 2558 219 2624 quo
242 2538 353 2606 melius
382 2539 460 2606 forte
482 2558 576 2624 quam
598 2541 653 2606 alii
682 2542 799 2607 statum
821 2561 923 2609 rerum
950 2541 1209 2627 intelligebamus.
1254 2539 1413 2608 Caetenrm

160 2675 255 2741 quum
275 2653 450 2740 propediem
473 2655 554 2740 apud
576 2675 631 2722 nos
653 2655 774 2722 futurus
798 2655 840 2722 sit
861 2657 1127 2724 reverentissimus
1151 2677 1175 2725 s.
1190 2678 1217 2724 v.
1241 2657 1363 2742 legatus
1378 2657 1414 2721 ut

160 2789 221 2838 nou
236 2789 375 2838 veremur
397 2771 433 2837 de
449 2772 539 2838 rebus
562 2772 857 2856 omnibusapprime
879 2773 1047 2840 instructus
1070 2793 1106 2839 ao
1121 2793 1191 2840 oum
1210 2771 1413 2857 amplissimis

162 2887 327 2968 mandatis,
351 2905 509 2971 speramus
532 2888 577 2954 ita
599 2907 669 2955 eum
691 2906 726 2954 eo
748 2907 838 2975 agere
854 2889 889 2954 ut
910 2890 942 2956 et
964 2909 987 2956 s.
1007 2909 1034 2957 v.
1058 2887 1207 2956 desiderio
1229 2887 1362 2954 satisfiat
1384 2887 1415 2953 et

160 3022 262 3071 rernm
284 3003 504 3089 tranquillitati
525 3004 605 3089 quod
627 3004 730 3088 ipsum
754 3024 815 3072 non
838 3005 942 3072 minus
963 3005 1053 3072 uobis
1075 3023 1256 3090 persuasum
1277 3005 1326 3072 est
1348 3023 1415 3071 esse
1529 3093 1534 3103 .

159 3121 194 3188 iu
207 3119 288 3187 votis
304 3139 327 3186 s.
344 3139 371 3186 v.
387 3138 480 3204 quam
502 3119 588 3186 aliud
602 3119 731 3204 quodvis
753 3121 818 3187 eius
833 3120 988 3205 privatum
1011 3121 1212 3190 commodum
1242 3121 1289 3187 De
1304 3121 1414 3206 quibus

160 3237 255 3304 etiam
277 3236 420 3305 omnibus
443 3237 665 3304 summittimus
689 3235 874 3322 vieegerenti
894 3239 1000 3305 nostro
1022 3239 1067 3304 ill
1091 3238 1166 3305 duoe
1189 3235 1318 3305 Suessae
1340 3238 1375 3302 ut
1391 3256 1414 3302 s.

161 3373 188 3420 r.
211 3354 287 3420 bene
309 3352 440 3433 moueat,
469 3353 518 3419 oui
540 3352 633 3420 fidem
654 3353 766 3420 habero
795 3354 973 3439 dignabitur
996 3407 1003 3423 .
1027 3406 1034 3421 .
1058 3407 1065 3421 .
1088 3354 1205 3421 Datum
1234 3353 1268 3422 in
1289 3353 1415 3420 civitate

160 3472 266 3538 nostra
287 3469 388 3538 Toleti
410 3469 459 3536 die
481 3468 640 3536 mdeoimo
661 3469 797 3556 Augusti
819 3489 899 3538 anne
921 3470 1048 3539 Domini
1070 3470 1190 3538 mdxxu
1234 3469 1413 3555 Regnorum

161 3586 335 3653 nostorum
357 3586 489 3654 Romani
512 3585 642 3670 septimo
665 3587 848 3655 stallorum
871 3585 997 3656 deoimo.
1118 3587 1158 3654 m
1181 3587 1255 3673 Rey.

1120 3703 1176 3772 Plu
1199 3702 1317 3772 Nieole

754 3921 829 3988 267.

413 4059 553 4122 vllllers
576 4057 622 4122 de
644 4055 740 4121 l’Yle
762 4061 881 4122 Adam
903 4059 1076 4122 Clementi
1098 4060 1172 4122 vm

604 4170 691 4259 (litt
705 4171 800 4256 prino.
816 4172 873 4240 III.
889 4171 979 4260 243).

647 4287 713 4376 (28.
729 4288 809 4373 Aug.
827 4287 938 4376 1525).
970 4363 976 4374 ,

251 4402 312 4470 Dal
334 4403 528 4471 comendater
549 4403 587 4472 de
601 4404 808 4472 Frinohatalla
829 4406 941 4472 havera
960 4405 1059 4472 inteso
1081 4405 1112 4471 la
1136 4424 1158 4472 s.
1176 4423 1201 4470 v.
1217 4404 1242 4471 il
1256 4421 1416 4489 progresso
