3396 5090
707 373 947 444 -155-

204 574 371 659 suspitione
386 575 456 640 tuae
472 573 621 640 alienatae
636 592 656 638 a
670 573 758 640 nobis
781 571 949 650 uoluntatis
972 569 1004 636 id
1020 569 1264 637 existimaremus
1287 568 1453 654 procedere,

203 690 282 776 quod
304 709 338 758 eo
361 691 442 756 esset
465 688 551 757 nobis
575 689 735 756 molestius
759 707 818 773 quo
840 688 943 754 minus
958 687 1066 753 merito
1089 689 1193 752 nostro
1208 686 1364 766 accideret,
1387 687 1452 752 ete·

202 807 268 872 nim
291 826 360 873 cum
382 809 436 873 tua
459 809 554 872 ser.los
576 805 679 871 omnia
701 804 791 888 plane
806 805 837 870 et
855 804 976 888 penitus
991 803 1114 888 cognita
1128 803 1278 882 habuerit,
1300 802 1454 888 intelliget

203 941 258 988 nos
280 923 379 1006 ipsius
401 941 468 988 esse
491 922 523 987 et
546 939 665 1005 semper
680 920 775 987 lirisse
798 920 1037 988 amantissimos.
1084 917 1143 985 Sed
1166 921 1197 985 et
1212 921 1246 984 tu
1269 919 1312 985 itu
1336 919 1454 984 amator

202 1038 346 1117 iustitiae,
369 1039 414 1103 ite
436 1036 507 1103 lidei
523 1038 554 1103 ei
567 1036 712 1121 promissi
734 1038 832 1116 tenax,
856 1035 1004 1121 quomodo
1028 1053 1132 1120 posses
1146 1035 1299 1102 iustitiam
1315 1035 1347 1100 et
1361 1033 1453 1100 fidem

202 1155 290 1219 tuam
311 1155 433 1220 sanctam
462 1153 555 1218 matri
584 1152 729 1219 ecelesiae
757 1151 935 1236 imploranti
959 1152 1130 1236 denegare?
1159 1153 1291 1218 nonest
1320 1150 1453 1235 prolecto

203 1290 257 1335 nec
280 1272 406 1336 naturae
428 1287 484 1336 nec
506 1266 730 1352 magnitudinis
760 1270 831 1334 tuae
853 1267 934 1334 nolle
958 1269 1031 1334 deta
1053 1287 1130 1352 quae
1160 1271 1211 1334 tuo
1235 1267 1358 1334 nomine
1380 1279 1451 1352 pro·

203 1387 299 1452 missa
329 1388 415 1466 sumt,
445 1405 515 1451 cum
544 1385 578 1450 in
600 1403 635 1451 eo
657 1403 713 1452 nos
742 1403 859 1469 quoque
887 1385 957 1468 plus
979 1401 1034 1451 nos
1063 1385 1122 1452 tibi
1151 1383 1274 1450 reddere
1305 1383 1452 1448 lirerimus

200 1503 331 1586 polliciti
352 1503 508 1587 quamius
530 1521 585 1568 nos
601 1503 743 1586 posceret.
775 1501 815 1566 lit
830 1499 952 1585 quidem
975 1519 1035 1566 uon
1051 1499 1221 1566 diffidimus
1245 1504 1349 1566 ser.tem
1365 1501 1451 1564 tuem

200 1639 283 1685 more
306 1637 361 1685 suo
376 1619 415 1684 ad
430 1619 615 1703 aequitatem
631 1619 662 1684 et
677 1615 716 1682 ud
730 1616 883 1683 iustitiam
899 1637 931 1684 se
947 1617 1096 1696 daturam,
1120 1616 1173 1683 sed
1195 1617 1302 1682 iccirco
1318 1615 1452 1683 studiose

200 1735 256 1800 lreo
286 1734 464 1819 scripsimus
493 1735 529 1800 ui
557 1735 751 1819 cognosceret
780 1739 877 1800 serlo·
906 1735 960 1799 tue
983 1735 1133 1818 qnantum
1162 1753 1198 1800 ea
1220 1753 1268 1798 res
1298 1733 1386 1800 uobis
1410 1731 1452 1797 sit

200 1851 290 1917 cordi
342 1850 407 1918 Nos
429 1851 553 1936 quidem
576 1850 656 1935 quod
685 1849 898 1934 amplitudinis
920 1850 992 1916 tuae
1023 1849 1234 1915 candefacere
1263 1849 1451 1933 potuerimus

200 1969 264 2032 lam
288 1967 325 2032 de
346 1967 396 2032 his
419 1985 496 2051 quae
525 1967 643 2034 foedere
665 1966 884 2050 comprehensa
914 1967 994 2046 sunt,
1024 1961 1117 2050 quam
1140 1985 1217 2051 quaa
1240 1967 1324 2032 extra
1345 1965 1450 2032 foedus

199 2083 334 2150 invenies
356 2103 412 2150 nos
436 2103 556 2168 semper
569 2082 816 2168 promptissimos
840 2083 920 2150 aaut
941 2083 975 2148 in
990 2099 1025 2148 eo
1040 2082 1134 2149 etiam
1157 2083 1236 2167 quod
1259 2083 1383 2149 anobis
1397 2100 1451 2166 per

199 2199 318 2265 litteras
340 2199 467 2284 petiisti,
489 2199 554 2264 nm
576 2199 709 2283 potuisti
726 2199 899 2284 intelligere
922 2199 1161 2284 necquicquam
1182 2197 1301 2284 gratim
1316 2198 1451 2264 habituri

200 2333 306 2382 sumus
336 2333 428 2400 quam
450 2315 510 2380 tibi
531 2316 621 2400 grate
650 2315 755 2382 facere.
802 2313 869 2396 Qua
890 2315 966 2381 item
989 2317 1024 2381 ut
1046 2317 1081 2380 tu
1104 2301 1177 2400 e'rga
1205 2334 1261 2381 nos
1283 2315 1361 2381 velis
1383 2333 1450 2382 esse

200 2431 354 2497 voluntate
377 2436 483 2496 ser.lem
506 2433 593 2496 tuam
608 2431 702 2498 etiarn
725 2433 816 2516 utque
838 2432 933 2497 etiam
947 2431 979 2498 in
995 2432 1127 2498 Domino
1150 2433 1347 2511 obtestamur,
1371 2431 1451 2497 siout

196 2546 291 2613 latius
313 2567 383 2613 oum
405 2565 441 2612 ea
463 2545 554 2614 idem
567 2548 696 2613 nunnius
720 2550 821 2614 noster
844 2548 958 2614 nostris
980 2547 1081 2614 rubis
1104 2549 1184 2633 aget,
1207 2549 1257 2614 cui
1279 2548 1334 2613 illa
1356 2547 1451 2613 iidem·

198 2683 353 2730 summam
382 2661 515 2731 habebit.
561 2664 676 2729 Datum
706 2665 822 2730 Romae
852 2667 908 2731 eto.
939 2664 988 2730 die
1016 2683 1063 2731 xv.
1086 2663 1174 2731 Junii
1195 2663 1315 2731 mdrxv.
1360 2665 1451 2730 Anno·

198 2778 337 2845 secundo.

287 2894 358 2962 Non
380 2897 483 2980 posset
499 2900 595 2962 serlo·
616 2897 670 2961 tua
692 2895 809 2981 aliquid
824 2897 912 2962 nobis
935 2897 1055 2982 gratiora
1070 2916 1204 2981 unquam
1216 2897 1333 2976 'lacere
1356 2911 1451 2980 quamx

196 3013 227 3078 et
249 3012 384 3096 accipere
413 3012 551 3077 animum
575 3014 665 3097 atque
695 3030 829 3079 amorem
854 3016 992 3078 nostrum
1017 3012 1096 3078 sicut
1118 3031 1173 3078 nos
1202 3011 1262 3078 tibi
1284 3031 1354 3078 eum
1377 3029 1447 3077 cum

195 3128 279 3194 omni
294 3128 353 3194 ilde
375 3129 407 3194 et
421 3127 626 3194 beniuolentia
648 3127 802 3194 offerimus
825 3147 861 3194 ac
874 3128 1021 3208 dicemus,
1044 3131 1075 3194 et
1098 3131 1184 3194 tuum
1199 3128 1288 3194 uobis
1309 3127 1447 3194 vicissim

195 3243 287 3310 iidem
303 3263 338 3309 ac
353 3243 589 3310 benivolentiam
604 3246 747 3328 prestare.
793 3243 881 3325 Quod
895 3246 926 3310 te
941 3245 1038 3311 iacere
1052 3245 1262 3330 intelligemus
1283 3247 1315 3311 et
1330 3218 1445 3330 gadde-

195 3361 305 3440 bimus,
328 3381 397 3426 cum
413 3379 630 3445 cognoscemus
653 3359 711 3425 tibi
733 3379 801 3426 esse
816 3379 921 3426 curam
943 3361 1067 3428 honoris
1085 3362 1191 3440 nostri,
1209 3364 1246 3427 et
1267 3361 1359 3428 huius
1376 3359 1446 3427 sone

195 3475 290 3554 Sedis,
314 3477 345 3542 et
367 3476 447 3560 quod
469 3477 503 3543 in
532 3475 649 3542 foedere
673 3478 721 3540 est
743 3475 929 3560 promissum
953 3495 971 3540 a
992 3477 1056 3543 iuis
1079 3479 1111 3542 et
1134 3476 1325 3561 stipulatum,
1348 3477 1443 3542 etiarn

194 3611 263 3658 oum
286 3591 421 3658 utilitate
444 3595 534 3658 ser.tis
562 3595 631 3657 tuae
653 3591 686 3658 id
709 3591 797 3658 nobis
820 3593 1043 3658 observandum
1065 3593 1272 3670 mandaverit;
1296 3592 1340 3658 sic
1362 3592 1444 3658 enim

193 3707 224 3772 at
246 3727 301 3774 nos
324 3727 360 3773 ea
383 3727 435 3792 spe
458 3710 489 3774 et
512 3708 571 3773 lide
585 3727 678 3792 quam
701 3706 738 3772 de
761 3707 1200 3792 ser.ti=u1esoptimoinncs
1223 3709 1325 3776 auimo
1347 3709 1443 3774 habe·

193 3843 262 3888 mus
284 3841 345 3888 non
367 3823 561 3907 decipiemur,
582 3825 614 3889 et
635 3824 689 3888 tua
713 3827 793 3888 ser.le
815 3822 903 3889 nobis
926 3825 1097 3909 exemplum
1112 3824 1331 3909 dignissimum
1353 3843 1442 3890 mon·

192 3939 309 4004 strenia
331 3938 370 4004 ad
391 3957 426 4004 oa
449 3957 601 4023 quae-per
623 3957 678 4004 nos
700 3937 852 4022 promissa
875 3940 947 4004 sunl
969 3940 1156 4008 observanda
1178 3938 1398 4007 constantiores
1413 3943 1444 4006 et

191 4053 377 4120 ardentiores
400 4055 529 4130 erimus;
552 4055 584 4120 et
605 4053 685 4138 quod
707 4073 827 4120 summe
849 4053 1056 4122 desideramus
1079 4056 1112 4122 iu
1135 4063 1217 4124 ser.la
1243 4057 1298 4123 tua
1320 4055 1442 4122 unicam

192 4188 277 4253 spem
300 4169 412 4253 quietis
435 4172 467 4237 et
489 4169 651 4256 dignitatis
675 4171 796 4236 nostrae
819 4169 1044 4239 collocabimus.

754 4282 878 4371 (Foris).

527 4402 616 4468 Anno
640 4398 770 4468 maundo
791 4399 911 4468 mdnr.
955 4402 1044 4469 lunii
1065 4423 1111 4470 rr.

355 4515 710 4608 Oeampresponsirum
733 4515 772 4584 ad
794 4514 860 4584 eius
882 4516 1003 4585 litteras
1026 4537 1119 4586 manu
1142 4519 1270 4606 propria.
