3346 5084
658 461 808 530 —451
853 497 898 510 -

152 659 310 744 deputarit
333 679 382 725 me
404 657 555 726 Joannem
571 659 767 726 ihanciscum
782 659 986 726 Benincasam
1008 657 1161 726 notarium
1184 660 1215 726 et
1233 657 1402 728 actuarium

151 775 186 842 in
208 775 290 842 dicta
311 794 411 855 cansa,
441 776 472 840 et
494 775 658 842 adomnia
686 777 857 842 necessaria
885 777 918 841 et
939 776 1107 859 opportuna
1136 794 1190 858 pro
1216 774 1404 859 expeditione

152 1009 184 1073 et
210 1007 367 1092 deputavit
389 1007 422 1072 in
444 1007 579 1090 presenti
600 1025 692 1072 causa
713 1006 873 1072 ecclesiam
891 1005 1097 1071 cathedralem
1112 1005 1247 1071 eiusdem
1270 1006 1404 1072 civitatis

152 1124 316 1188 Ravemm
336 1122 370 1188 in
400 1122 500 1188 medio
522 1122 622 1188 dictae
651 1121 795 1188 ecclesiae
816 1123 848 1187 et
877 1120 993 1187 ibidis
1022 1121 1054 1185 in
1088 1120 1170 1186 dicta
1192 1121 1406 1188 commissione

154 1239 356 1306 determinata
378 1238 427 1303 ius
450 1237 573 1304 reddere
596 1238 663 1303 vult
685 1238 717 1304 et
738 1236 871 1303 intendit
889 1237 954 1302 tota
976 1235 1031 1301 illa
1054 1234 1102 1302 die
1124 1238 1155 1301 et
1176 1236 1313 1321 qualibet
1331 1238 1406 1304 hora

154 1356 185 1419 et
213 1353 346 1419 maxime
369 1353 406 1419 de
427 1372 518 1419 mane
546 1352 621 1419 horo
649 1353 809 1418 tertiarum
839 1353 870 1418 et
898 1350 968 1416 aliis
996 1351 1080 1416 boris
1109 1351 1349 1417 determinandis
1380 1352 1408 1417 si

154 1471 185 1535 et
214 1489 283 1535 cum
306 1487 381 1552 opus
410 1468 503 1534 fuerit
524 1469 725 1552 nuntiumque
753 1468 784 1533 et
806 1467 993 1533 executorem
1016 1467 1230 1553 cuiuscumque
1252 1468 1407 1534 citationis

156 1588 187 1652 et
209 1584 301 1650 edicti
316 1583 447 1650 laventis
463 1585 494 1649 et
509 1584 683 1669 exequentis
698 1583 731 1648 in
746 1583 881 1666 presenti
904 1600 1001 1647 causa
1017 1583 1048 1648 et
1063 1601 1117 1666 pro
1138 1583 1203 1648 eius
1219 1583 1408 1667 expeditione
1535 1593 1539 1598 '

155 1701 249 1784 elegit
271 1701 302 1766 et
328 1699 485 1783 deputarit
514 1700 681 1784 quemlibet
710 1699 852 1764 nuntium
879 1697 1014 1764 civitatis
1037 1698 1199 1765 Rauennae
1222 1701 1287 1765 tam
1310 1701 1405 1766 eccle-

155 1816 315 1882 siasticum
336 1835 429 1900 quam
452 1816 618 1882 secularem
634 1815 719 1882 omni
741 1814 861 1881 meliori
882 1811 971 1880 modo
989 1814 1046 1881 etc.

244 1987 342 2053 Tener
365 1987 467 2051 autern
490 1984 589 2052 dictae
611 1984 837 2051 commissionis
858 1984 932 2050 talis
953 1985 1016 2062 est;
1039 1983 1194 2051 videlicet:

246 2161 371 2230 Carolus
401 2163 526 2248 quintus
556 2165 705 2248 augustus
735 2163 839 2228 diuina
866 2162 986 2228 favente
1015 2163 1178 2231 clementia
1200 2165 1409 2232 Romanorum

157 2279 322 2363 imperator
343 2297 379 2344 ac
401 2275 591 2358 Germaniae,
614 2278 844 2361 Hispaniarum,
874 2278 1031 2362 utriusque
1054 2275 1185 2359 Siciliae,
1215 2280 1409 2348 Hierusalem

158 2415 209 2461 rex
231 2394 375 2460 archidux
397 2393 541 2460 Austriae
563 2395 618 2461 etc.
641 2393 813 2460 honorabili
834 2413 863 2458 n.
893 2393 1040 2477 potestati
1062 2414 1115 2460 sen
1137 2396 1251 2478 pretori
1273 2396 1410 2462 ciuitatis

158 2509 400 2576 Ravennatensis
422 2509 506 2575 fideli
528 2509 617 2575 nobis
640 2508 750 2574 dilecto
773 2508 907 2593 gratiam
929 2509 1066 2574 nostram
1089 2527 1243 2575 cesaream
1266 2511 1297 2577 et
1320 2530 1409 2578 omne

158 2627 281 2691 bonum.
326 2623 403 2690 mm
426 2624 527 2690 nuntii
550 2627 581 2690 et
609 2626 816 2708 procuratores
838 2623 1038 2690 beatitudinis
1066 2624 1218 2707 pontilicis
1241 2644 1295 2709 pro
1318 2645 1409 2710 expe·

159 2740 274 2808 ditione
296 2759 404 2806 causae
434 2759 536 2806 coram
565 2739 653 2806 nobis
682 2740 831 2824 tanquam
854 2738 968 2804 arbitro
998 2737 1178 2805 arbitratore
1200 2741 1232 2806 et
1254 2741 1411 2807 amicabili

159 2855 359 2939 compositore
381 2855 516 2920 vertente
543 2855 625 2921 inter
652 2854 780 2921 eandem
811 2853 1007 2920 sanctitatem
1036 2854 1189 2938 pontificis
1212 2858 1244 2921 et
1266 2854 1411 2923 Sanctam

160 2969 269 3038 Sedem
292 2971 490 3054 apostolicam
506 2971 648 3054 agentem
663 2989 698 3036 ex
713 2988 781 3048 una,
804 2970 835 3035 et
849 2968 893 3034 ill.
909 2969 1016 3036 ducem
1030 2970 1185 3037 Ferrariae
1200 2970 1411 3038 defendentem

158 3087 298 3170 partibus
321 3105 356 3153 ex
378 3086 475 3152 altera
498 3105 588 3170 super
609 3085 822 3152 controversiis
844 3087 877 3151 et
904 3085 1149 3153 contentionibus
1171 3087 1411 3172 quibuscumque

158 3201 240 3268 inter
261 3203 345 3286 ipsas
368 3202 470 3286 partes
500 3201 709 3281 existentibus,
739 3203 769 3267 et
790 3201 824 3266 in
847 3202 916 3266 actu
939 3201 1153 3285 compromissi
1181 3201 1260 3268 inter
1289 3204 1412 3269 easdem

159 3319 262 3402 partes
284 3317 356 3384 initi
378 3319 410 3383 et
431 3317 547 3383 firmati
568 3317 663 3382 latius
686 3316 824 3383 deductis
854 3318 943 3402 egeat
964 3317 1167 3401 transumptis
1197 3319 1412 3386 nonnullorum

160 3433 390 3518 privilegiorum
406 3435 544 3499 actorum
559 3432 778 3517 scripturarum
792 3434 824 3497 et
838 3432 1113 3498 instrumentorum
1129 3432 1317 3517 aliorumque
1340 3453 1411 3499 mn·

160 3549 367 3615 nimentorum
390 3547 483 3614 isthic
505 3547 710 3627 existentium,
731 3547 855 3632 Nosque
877 3549 1072 3631 transumpta
1093 3547 1270 3633 huiusmodi
1291 3550 1322 3614 te
1342 3568 1412 3633 pre·

161 3666 247 3730 sente
269 3663 448 3748 uidenteqne
470 3663 636 3747 exemplari
650 3665 682 3729 et
696 3663 859 3729 transcribi
882 3662 1015 3746 rectique
1030 3664 1061 3729 et
1083 3661 1209 3728 iuridice
1224 3664 1415 3747 comprobari

161 3779 397 3872 decreverimus;
428 3778 538 3846 idcirco
562 3779 721 3864 negocium
743 3777 920 3844 huiusmodi
941 3777 1000 3844 tibi
1022 3778 1194 3862 specialiter
1216 3779 1319 3844 tenore
1343 3797 1413 3862 pre-

163 3897 297 3963 sentium
320 3894 550 3961 committimus.
596 3893 778 3959 Mandantes
801 3893 860 3958 tibi
882 3895 1030 3978 quatenus
1059 3895 1199 3977 presente
1220 3895 1252 3960 et
1274 3893 1416 3978 audiente

161 4012 355 4097 procuratore
377 4010 452 4077 dicti
474 4010 518 4076 ill
548 4009 634 4075 ducis
656 4008 737 4093 apud
766 4027 821 4075 nos
844 4010 970 4095 agentes
1000 4029 1053 4076 seu
1075 4010 1140 4076 eius
1171 3991 1338 4076 substituto
1367 4011 1417 4076 cui

162 4127 365 4212 peremptorie
388 4125 526 4192 intimari
541 4123 688 4190 iussimus
710 4126 746 4191 ut
760 4144 812 4208 per
832 4144 864 4190 se
887 4126 941 4190 aut
956 4125 1159 4191 substitutum
1183 4144 1273 4192 suum
1294 4126 1416 4211 legitti-

163 4262 251 4308 mum
275 4241 356 4307 iutra
379 4242 564 4327 vigesimum
587 4240 729 4326 quintum
759 4239 840 4306 diem
863 4241 993 4325 proximi
1015 4243 1130 4308 mensis
1152 4241 1285 4327 Augusti
1314 4261 1416 4309 coram

163 4360 196 4424 te
211 4360 384 4443 compareat
406 4357 445 4423 ad
460 4357 624 4425 videndum
647 4359 678 4424 et
693 4356 876 4423 sumendum
893 4356 975 4423 dicta
989 4356 1150 4442 priuilegia
1165 4358 1233 4423 acta
1249 4357 1417 4441 scripturas

165 4474 371 4540 instrumenta
394 4475 425 4540 et
447 4473 637 4541 monimenta
660 4472 699 4538 ad
714 4471 890 4538 huiusmodi
907 4491 1031 4538 oausam
1053 4472 1223 4539 taciendam
1247 4475 1278 4538 et
1291 4472 1417 4539 illorum

164 4588 395 4674 transcriptioni
411 4608 463 4656 seu
478 4587 657 4656 extractioni
672 4587 923 4670 interessendum,
941 4585 1160 4674 dicendumque
1176 4590 1207 4654 et
1221 4589 1418 4674 allegandum

1198 4695 1258 4766 29*
