3400 5088
716 379 939 447 ..89-

289 575 687 646 Underraldeneibus
709 577 740 642 et
762 574 1063 642 Vraniensibus.
1101 576 1138 642 In
1154 576 1327 661 quolanrlis
1342 595 1452 662 genere

202 695 237 760 ut
258 693 360 760 restra
382 692 528 758 emineret
550 692 656 773 virtue,
679 693 772 776 utque
794 691 962 759 defensioni
985 692 1108 757 sanotae
1123 691 1281 777 religionis
1304 691 1453 777 huiusque

203 806 332 876 Sanctae
361 807 448 876 Sedis
477 808 585 876 honori
613 829 649 874 ea
678 808 781 874 dedita
810 809 899 888 esser,
928 826 982 874 ros
1013 807 1162 893 singulari
1190 808 1322 892 quedam
1352 808 1453 875 studio

202 925 352 992 effecistis.
399 923 459 1005 Qui
479 926 624 992 honorem
647 926 703 991 ete.

289 1041 616 1109 Lueeroensibus.
662 1041 700 1106 ln
722 1059 780 1124 que
809 1039 1013 1106 defendendae
1042 1041 1073 1106 et
1101 1040 1337 1125 propugnandae
1368 1061 1453 1118 verae

201 1158 233 1224 et
254 1159 376 1224 sanetae
390 1157 548 1242 religionis
571 1157 672 1222 studio
686 1158 789 1222 vestra
804 1156 901 1222 virtus
916 1158 948 1222 et
962 1156 1060 1242 pietas
1075 1157 1233 1242 praecipue
1257 1177 1289 1222 se
1312 1157 1454 1237 ostendit,

201 1292 255 1339 vos
278 1273 360 1340 enim
383 1293 437 1340 nos
460 1274 625 1340 catholicae
648 1272 721 1339 fidei
742 1272 872 1339 tutelam
894 1273 926 1338 el
948 1273 1070 1357 patrum
1100 1273 1309 1359 maiorumque
1332 1275 1452 1340 nostro-

202 1409 271 1456 rum
293 1390 347 1475 qui
369 1389 501 1476 Spiritus
525 1388 636 1456 Sarute
658 1388 742 1474 pleni
757 1389 879 1456 luenrnt
894 1389 1105 1456 auctoritatem
1121 1389 1266 1456 adversus
1288 1391 1376 1457 illam
1391 1390 1453 1458 im·

201 1506 285 1591 piem
295 1508 409 1574 emtam
424 1506 556 1590 quedam
565 1505 711 1591 peouliari
726 1506 789 1572 zelo
804 1504 1018 1572 ardentissime
1033 1506 1225 1591 sussepistie3
1241 1509 1342 1573 restra
1357 1508 1389 1573 in
1405 1508 1454 1573 his

201 1623 302 1690 vestra
323 1621 450 1708 inquam
471 1622 583 1690 eximia
605 1624 637 1689 et
657 1622 934 1690 commemorabilis
956 1623 1025 1688 laus
1046 1623 1102 1688 est
1148 1620 1208 1704 Qui
1229 1623 1376 1690 honorem
1397 1625 1453 1691 ete.

290 1737 570 1805 Bernensibus.
617 1736 717 1820 Quem
740 1738 863 1823 quidem
885 1757 951 1804 rem
966 1737 1108 1806 deret.buu
1130 1739 1242 1806 restris
1264 1759 1319 1825 pre
1341 1740 1452 1807 honore

201 1857 233 1922 et
254 1853 423 1941 praestanti
444 1855 626 1922 auotoritate
647 1854 722 1941 pagi
736 1854 838 1934 vestri,
861 1853 911 1920 eui
926 1854 1037 1921 eximia
1060 1875 1179 1940 semper
1200 1856 1268 1922 leus
1282 1875 1339 1923 nee
1351 1856 1454 1942 magis

201 1970 391 2038 fortitudinis
419 1990 512 2056 qnam
542 1990 616 2056 erga
644 1972 745 2038 Deum
775 1970 1014 2056 omnipotentem
1045 1991 1191 2058 suamque
1222 1972 1454 2039 immaculatam

201 2087 380 2172 religionem
402 2087 527 2172 pietatis
550 2088 615 2155 iure
637 2087 754 2154 tributa
776 2090 832 2166 est,
854 2088 976 2173 gratam
997 2087 1131 2155 maxime
1152 2088 1288 2155 luterum
1310 2106 1372 2155 non
1394 2088 1452 2154 du·

200 2203 352 2280 bitamns3
375 2203 428 2289 qui
448 2203 522 2270 licet
536 2202 666 2271 forsitan
687 2222 853 2288 paueornm
874 2203 947 2270 istie
961 2203 1134 2270 eunetontia
1148 2205 1241 2271 fuerit
1261 2205 1453 2285 labeiaetata

201 2317 281 2405 queri
308 2320 414 2387 tamen
442 2318 562 2387 eredere
583 2321 633 2386 rix
661 2338 833 2405 possumus,
863 2319 1017 2386 mmmuni
1039 2321 1107 2387 tum
1130 2321 1258 2388 eonsilio
1287 2321 1453 2388 catholicae

201 2434 273 2502 fidei
294 2435 432 2502 restrum
453 2435 619 2520 prebuislie
641 2434 852 2521 pehoeinum
898 2433 959 2516 Qui
980 2436 1126 2504 honorem
1147 2437 1203 2505 ete.

290 2550 640 2636 Frihurgensibue.
686 2551 724 2618 In
746 2570 805 2636 quo
829 2553 934 2617 saneto
956 2571 1046 2637 opere
1067 2555 1202 2621 uestram
1225 2553 1400 2638 preeipuam
1423 2555 1454 2620 et

200 2666 354 2752 posuimus
369 2668 400 2734 et
415 2669 607 2753 expectamus
623 2687 760 2754 operam3
786 2667 901 2735 seimus
916 2667 999 2735 enim
1014 2688 1106 2754 quam
1121 2671 1290 2755 praestanti
1305 2670 1408 2738 animo
1423 2672 1455 2737 eb

152 2835 154 2840 .
202 2783 352 2868 singulari
365 2783 399 2849 in
413 2783 513 2851 Deum
528 2783 768 2870 omnipotentem
783 2784 930 2870 religione
945 2803 1054 2852 oausae
1068 2785 1235 2853 catholicae
1247 2786 1319 2853 fidei
1334 2805 1453 2871 semper

202 2898 369 2966 adfueritis.
416 2897 536 2966 Seimus
551 2919 610 2986 quo
625 2918 727 2967 amore
742 2919 815 2986 erge
837 2919 893 2967 nos
911 2901 995 2986 ipsos
1009 2901 1155 2986 privatim
1178 2921 1238 2988 que
1258 2903 1293 2968 in
1308 2901 1453 2969 Sanctam
1542 2921 1544 2926 ’

204 3013 312 3083 Sedem
333 3018 413 3084 hane
427 3017 620 3085 obseruantia
636 3017 706 3084 sitis
728 3019 760 3084 et
773 3017 902 3096 herilis,
924 3037 960 3085 er
982 3018 1093 3104 quibus
1107 3019 1208 3084 omnis
1222 3019 1291 3085 lans
1314 3019 1345 3085 et
1359 3019 1452 3085 bene·

203 3132 335 3198 volentia
356 3134 443 3200 vobis
464 3135 661 3219 potissimum
682 3153 736 3220 per
757 3153 814 3202 nos
835 3134 940 3201 dehita
961 3136 1016 3201 est.
1063 3132 1123 3216 Qui
1145 3134 1290 3201 honorem
1311 3136 1367 3202 elo.

292 3246 642 3330 Solodorensibus,
665 3247 992 3332 (Ueronensibus,
1015 3251 1295 3319 Zuehensibus.
1341 3251 1454 3337 Inque

204 3383 235 3430 re
257 3384 327 3432 eum
356 3383 411 3432 nos
441 3367 573 3434 salutem
602 3368 772 3434 restionem
801 3368 832 3434 et
860 3366 1006 3434 honorem
1035 3369 1104 3434 tum
1132 3368 1266 3435 nationis
1295 3367 1454 3436 universae

203 3481 375 3549 Helvetieae
397 3485 465 3549 tum
487 3485 624 3550 vestrum
644 3484 800 3568 proprium
822 3482 911 3550 nobis
932 3485 1004 3550 ante
1025 3485 1127 3551 oeulos
1148 3502 1360 3569 proponamus,
1382 3502 1453 3569 spe·

203 3615 306 3664 ramus
327 3598 422 3665 etiam
437 3601 538 3666 vestra
553 3599 703 3685 singulari
723 3602 755 3667 ei
769 3598 912 3685 diligenti
929 3617 1019 3684 opera
1041 3600 1178 3667 futurum
1200 3602 1236 3666 nt
1249 3598 1322 3667 fidei
1343 3599 1451 3666 ootho-

201 3711 277 3781 lieee
298 3713 453 3799 imprimis
467 3715 499 3783 et
512 3714 604 3782 huius
620 3713 748 3782 Sanctae
771 3714 859 3784 Sedis
873 3715 997 3783 honoris
1012 3715 1089 3782 ratio
1104 3716 1260 3798 habeatur,
1283 3715 1452 3802 etquidem

202 3829 360 3914 praecipue
381 3829 467 3897 robis
489 3830 670 3900 laventibus.
716 3830 776 3914 Qui
797 3832 943 3900 honorem
965 3833 1020 3900 ete.

290 3944 591 4014 Basiliensihus
615 3946 664 4034 (nt
677 3947 711 4015 in
733 4001 740 4015 .
765 4001 771 4014 .
796 4001 802 4016 .
826 3967 921 4034 usque
936 3948 975 4014 ad
990 3947 1171 4027 ferentibus,
1187 3947 1295 4016 deinde
1309 3948 1451 4036 addatur)

202 4061 254 4144 qui
276 4079 312 4127 ea
333 4061 494 4145 prudentia
516 4081 609 4148 quam
631 4063 664 4129 in
684 4064 769 4130 robis
786 4063 918 4150 Spiritus
933 4083 1003 4132 rere
1026 4065 1149 4130 sanetus
1171 4064 1361 4133 illuminarit
1382 4085 1452 4132 eum

201 4177 334 4242 oeeultes
355 4177 387 4245 ot
407 4176 591 4262 perniciosas
613 4179 699 4246 labes
721 4179 848 4247 heretiei
862 4179 970 4247 veneni
992 4179 1127 4247 invehis
1149 4181 1214 4247 iem
1237 4200 1355 4267 serpere
1378 4201 1448 4248 sen·

201 4289 330 4372 sisseh's,
352 4293 473 4361 reiectis
494 4296 526 4361 ot
547 4295 714 4381 repudiatis
736 4296 839 4380 pravis
861 4295 1139 4364 machinationibus
1160 4296 1325 4382 impiorum
1346 4317 1452 4364 rerum

201 4406 345 4476 honorem
369 4409 484 4476 summi
497 4409 556 4478 Dei
577 4412 609 4478 et
625 4411 756 4478 salutem
779 4411 952 4479 animarum
973 4414 1145 4480 vestrarum
1167 4413 1199 4480 et
1218 4411 1306 4481 Sedis
1327 4413 1450 4497 apesto-

199 4521 276 4590 lieae
298 4523 389 4592 derue
411 4543 431 4592 a
452 4545 513 4612 qua
533 4527 590 4594 eto.
