3396 5090
794 373 1038 445 -226-

289 569 400 660 gaitae.
447 572 506 640 Illa
529 571 611 640 enim
641 575 808 640 reverentia
837 595 913 660 quae
942 575 1163 660 principatibus
1186 575 1322 658 habetur,
1353 595 1423 644 cum
1445 577 1539 646 etiam

289 693 392 759 addito
415 693 474 759 Dei
495 691 617 757 nomine
647 691 755 756 debeat
777 711 844 758 esee
866 691 990 771 firmior,
1015 692 1041 757 si
1065 693 1156 758 fuerit
1179 693 1300 758 sublata
1323 696 1413 780 atque
1436 713 1538 761 eversa

288 831 326 878 ne
347 811 403 876 illa
426 807 548 894 quidem
563 807 597 872 in
619 809 686 872 tuto
702 807 802 882 buerit,
825 827 900 892 quae
917 808 982 873 sole
997 807 1151 874 mundana
1173 808 1271 893 fulget
1286 811 1443 894 potestate.
1477 810 1537 876 Sed

289 929 326 994 de
348 927 398 991 bis
421 929 452 992 et
474 923 552 990 alias
576 922 653 988 satie
676 942 694 988 a
725 924 811 988 uobis
836 923 953 994 dictum
976 927 1031 1003 est,
1061 927 1092 989 et
1114 925 1213 989 tumet
1236 925 1337 992 tecum
1367 926 1537 991 accuratius

288 1046 320 1110 et
342 1039 521 1125 diligentius
550 1041 637 1122 potes
667 1039 804 1123 colloqui.
850 1039 916 1105 Nos
939 1040 975 1105 de
1005 1039 1094 1106 rebus
1118 1039 1237 1104 Oroatia
1269 1060 1373 1107 curam
1401 1042 1538 1126 gerimus

288 1177 380 1244 quam
403 1174 565 1240 possumus
589 1155 769 1232 marimam3
792 1157 895 1240 itaque
917 1156 957 1220 ad
979 1155 1099 1222 Olieum
1122 1155 1266 1239 oppidum
1289 1157 1431 1240 periculis
1453 1158 1535 1223 libe-

287 1272 426 1351 randum,
449 1271 604 1337 hominem
627 1272 751 1348 eertum,
783 1271 957 1355 aliquotque
980 1290 1138 1336 aureorum
1168 1271 1256 1335 milia
1279 1271 1430 1352 misimus,
1460 1293 1538 1357 quae

288 1407 445 1472 speramus
467 1386 575 1452 idonea
597 1385 660 1451 fore
684 1386 827 1464 subsidio,
858 1405 928 1452 cum
950 1405 1005 1451 nec
1034 1387 1196 1470 paupertas
1226 1389 1330 1452 nostm
1352 1407 1406 1454 uec
1436 1408 1536 1454 rerum

285 1503 486 1588 plurimarum
508 1501 674 1567 difficultas
696 1521 751 1566 nos
775 1521 793 1566 a
814 1502 938 1585 pietatis
960 1501 1059 1567 officio
1081 1502 1237 1568 deterreat.
1284 1503 1321 1568 In
1348 1523 1408 1588 qua
1430 1503 1534 1570 eadem

286 1621 317 1685 te
346 1639 413 1685 esse
435 1620 466 1685 et
495 1618 648 1684 sententia
677 1619 708 1681 et
731 1617 886 1682 voluntate
908 1618 998 1683 nob.ti
1024 1621 1094 1683 tuae
1123 1619 1290 1702 plurimum
1313 1620 1345 1685 et
1374 1618 1537 1686 suademus

286 1737 317 1800 et
338 1754 374 1801 ex
397 1735 499 1800 anim0
521 1734 720 1818 gratulamur.
767 1734 881 1798 lictum
905 1734 1018 1800 Romm
1040 1735 1095 1800 eto.
1119 1735 1167 1798 die
1189 1733 1258 1801 rrii.
1274 1733 1381 1801 Martii
1404 1735 1535 1801 mdrrvi.

285 1851 373 1917 Anno
396 1851 496 1916 tertio.

374 2081 573 2166 imperatrici.
585 2119 628 2129 -
638 2080 811 2148 Gratulatio
821 2082 1017 2148 matrimonii.
1029 2121 1071 2129 -
1081 2084 1195 2149 Romae
1206 2083 1267 2150 viii.
1278 2084 1394 2168 Aprilis
1404 2084 1535 2150 mdxxvi.

878 2343 948 2410 175.

505 2509 683 2584 Episcopo
708 2508 903 2568 oxomensi
928 2510 1123 2568 confessori
1147 2511 1321 2571 Caesaris

374 2663 565 2730 Venerabilis
587 2663 687 2728 frater.
734 2659 833 2730 Graue
856 2663 945 2728 nobis
966 2663 1026 2730 fuit
1054 2663 1226 2749 intelligere
1255 2665 1396 2732 acerbum
1428 2685 1533 2732 casum

284 2782 337 2864 qui
359 2780 390 2846 in
406 2778 539 2864 episcopi
559 2796 687 2862 persona
702 2777 820 2858 accidit
843 2797 934 2863 quem
955 2797 1011 2844 neo
1034 2780 1193 2847 sacerdotii
1208 2780 1344 2865 dignitas
1367 2801 1421 2848 nec
1435 2783 1531 2848 eccle-

285 2896 477 2962 siasticorum
506 2895 764 2960 sacramentorum
793 2894 841 2960 ris
870 2894 970 2978 potuit
992 2914 1010 2960 a
1031 2895 1179 2961 laicorum
1208 2896 1351 2962 manibus
1381 2897 1533 2982 tantisper

283 3013 419 3091 liberare,
441 3011 516 3078 dum
531 3009 558 3076 is
580 3027 634 3093 per
656 3009 770 3076 iudices
784 3010 1004 3076 ecclesiasticos
1019 3011 1072 3095 qui
1093 3010 1157 3077 iam
1172 3011 1237 3077 dati
1259 3013 1298 3079 ad
1318 3013 1531 3098 inquirendum

283 3129 316 3194 in
338 3126 428 3193 illum
450 3125 570 3192 fueraut
591 3125 770 3204 damnatus,
792 3127 823 3192 et
845 3127 980 3191 retemm
1004 3127 1151 3192 scelerum
1174 3146 1296 3193 suorum
1318 3129 1350 3194 et
1364 3129 1436 3195 novi
1453 3127 1529 3194 icci-

284 3243 366 3309 noris
388 3241 507 3307 debitas
530 3259 624 3326 penas
639 3243 778 3308 solveret.
825 3239 884 3307 Sed
899 3241 1023 3326 gravius
1046 3241 1153 3308 auditu
1167 3243 1262 3309 etiam
1285 3244 1345 3309 nm
1362 3243 1393 3309 id
1416 3243 1530 3310 facturn

283 3363 314 3426 et
335 3359 542 3443 perpetratum
564 3357 659 3424 fuisse
674 3357 741 3442 ipso
763 3375 861 3424 car.mo
883 3359 916 3423 in
932 3355 1054 3424 Christo
1076 3358 1140 3424 lilio
1155 3361 1259 3426 nostro
1275 3360 1397 3426 iubente
1420 3363 1451 3426 et
1469 3361 1529 3427 im·

282 3476 407 3560 perante
422 3473 556 3554 Caesare,
571 3473 657 3539 cuius
672 3473 856 3541 catholicum
871 3476 901 3540 et
917 3475 1121 3541 rectissimum
1138 3475 1276 3542 animum
1292 3476 1411 3543 subitae
1429 3479 1530 3544 motus

282 3590 463 3669 iracundiae,
487 3606 671 3674 quamquam
687 3589 742 3655 illa
765 3609 894 3676 magnas
917 3609 1024 3656 causas
1047 3592 1180 3670 haberet
1203 3591 1243 3656 ad
1264 3591 1297 3657 id
1318 3591 1529 3676 imperandum

281 3707 438 3792 impellere
461 3724 521 3772 non
543 3705 656 3784 debuit,
680 3723 771 3789 aquo
795 3705 822 3770 si
837 3705 1045 3786 abstinuisset
1068 3707 1186 3790 etipse
1208 3707 1419 3791 integritatem
1443 3727 1529 3773 suam

281 3824 367 3890 nulla
381 3823 469 3906 culpa
485 3822 677 3900 maculasset,
699 3825 730 3888 et
744 3822 833 3886 illum
855 3821 1063 3900 nihilominus,
1088 3822 1175 3905 penis
1198 3822 1309 3889 debitis
1328 3823 1530 3908 perspexisset

281 3937 369 4004 affici.
408 3937 468 4004 Sed
490 3936 702 4022 utaliquando
717 3939 799 4003 mala
821 3937 974 4022 permittit
988 3938 1070 4003 Deus
1094 3939 1129 4002 ut
1151 3956 1186 4003 er
1202 3937 1240 4003 iis
1255 3939 1335 4005 bona
1350 3938 1486 4005 alliciant
1522 3991 1529 4010 .

281 4055 325 4120 sio
347 4054 457 4138 optimi
470 4053 617 4138 principis
641 4055 775 4120 mentem
790 4055 947 4138 peccatum
962 4055 1075 4120 rnaiore
1090 4073 1163 4138 erga
1185 4054 1315 4120 eundem
1330 4055 1431 4121 Deum
1453 4056 1526 4120 illu-

280 4169 390 4236 strauit
418 4170 593 4235 reverentia.
639 4167 725 4249 Quod
748 4169 830 4235 enim
853 4170 963 4247 doluit,
993 4168 1073 4254 quod
1102 4170 1288 4253 poenitentia
1317 4170 1442 4237 affectus
1473 4175 1528 4250 est

280 4285 360 4370 quod
382 4285 532 4350 abstinuit
554 4286 767 4352 ecclesiasticis
791 4284 998 4364 sacramentis,
1027 4287 1059 4350 et
1080 4303 1099 4350 a
1121 4285 1209 4352 uobis
1232 4285 1347 4352 Christi
1369 4287 1450 4353 vices
1472 4307 1528 4372 ge·

279 4400 417 4466 mutibus
439 4401 560 4467 reniam
583 4403 674 4486 atque
696 4401 918 4468 absolutionem
947 4401 1029 4466 tanti
1056 4400 1154 4466 debiti
1177 4403 1302 4486 supplex
1324 4401 1422 4486 petiit,
1452 4403 1527 4469 baec

280 4519 352 4581 sunt
380 4535 456 4601 quae
479 4533 539 4582 non
569 4517 657 4582 modo
680 4518 854 4600 impetrant,
883 4535 989 4583 vemm
1011 4517 1106 4583 etiam
1128 4519 1306 4604 extorquent
1336 4519 1449 4584 summi
1471 4519 1529 4585 Dei
