3346 5084
658 409 902 480 ..447-

153 603 329 692 patentibus
351 627 445 675 manu
467 607 603 675 eiusdem
625 626 763 675 caesarae
785 607 958 674 maiestatis
974 608 1163 694 subscriptis,
1185 608 1223 678 de
1245 608 1356 694 quibus
1371 609 1404 677 10

151 725 285 809 presenti
306 742 447 809 processu
462 724 556 791 latius
578 725 749 792 continetur
767 725 890 792 sedente
904 744 959 810 pro
974 725 1122 792 tribunali
1143 726 1176 792 in
1198 725 1323 792 civitate
1337 727 1402 793 Rs·

153 857 267 906 vennae
289 843 321 907 et
343 841 376 906 in
407 840 641 924 metropolitana
669 841 796 907 ecelesia
825 859 915 925 60060
944 841 1075 925 quadam
1105 841 1224 908 banoha
1245 841 1349 926 ugron
1370 841 1403 907 in

153 955 252 1022 medio
279 955 375 1041 ipsius
405 956 550 1023 ecclesiae
578 956 611 1022 in
641 975 732 1023 causa
761 957 896 1024 verteme
923 974 1026 1024 eoram
1055 956 1216 1024 maiestate
1246 975 1301 1023 606
1323 957 1404 1024 inter

152 1071 381 1137 sanctissimum
403 1071 476 1139 dn
497 1072 525 1138 d.
549 1069 738 1138 Clementem
761 1091 872 1157 papam
895 1073 1061 1157 septimum
1083 1074 1115 1139 et
1138 1091 1191 1138 seu
1214 1072 1281 1139 nd
1304 1072 1401 1139 Joan·

151 1207 222 1252 nem
244 1189 370 1253 Petrum
393 1188 564 1255 Ferrettum
586 1189 643 1255 iur.
667 1189 725 1255 utr.
749 1189 902 1256 doctorem
931 1188 1080 1254 016001οι0
1109 1189 1281 1273 generalem
1304 1188 1403 1255 0116166

151 1323 174 1369 s.
198 1304 234 1370 R
250 1303 393 1370 eeclesiae
415 1304 551 1371 eiusdem
575 1324 598 1369 6.
619 1303 692 1371 dn.
715 1323 811 1389 papae
833 1305 1058 1389 procuratorem
1081 1322 1116 1368 eu
1139 1323 1208 1383 nnn,
1231 1307 1357 1388 agentes
1372 1305 1404 1370 61

150 1419 296 1502 06160166,
325 1419 421 1485 61111.
450 1419 478 1485 d.
508 1418 701 1502 alphonsum
730 1417 838 1485 ducem
860 1419 1024 1499 Ferrariae,
1053 1421 1085 1484 et
1112 1437 1165 1486 660
1187 1419 1215 1486 d.
1239 1418 1401 1484 Nicolaum

150 1533 264 1600 Codeoa
286 1535 420 1602 nobilem
444 1534 669 1601 Ferrariensem
690 1535 827 1601 eiusdem
849 1535 893 1602 111
916 1533 1047 1601 ddneis
1069 1536 1293 1619 procuratorem
1315 1537 1401 1620 parte

151 1669 186 1715 er
209 1649 305 1716 altera
327 1667 394 1717 0666
410 1651 573 1716 conventos
595 1651 627 1716 et
649 1666 682 1716 se
704 1648 907 1730 defendentes,
928 1651 960 1717 et
981 1669 1034 1734 per
1056 1669 1106 1716 me
1128 1649 1280 1717 Joannem
1304 1650 1401 1716 Fran-

149 1765 264 1830 oisoum
286 1765 456 1832 Benincasa
480 1765 637 1850 publicum
652 1767 683 1831 et
705 1766 916 1833 authenticum
931 1765 1085 1833 notarium
1107 1765 1244 1832 eiusdem
1266 1764 1401 1831 civitatis

149 1880 311 1947 Ravennae
333 1881 463 1948 electum
492 1883 685 1966 assnmptum
714 1884 746 1947 et
767 1881 948 1965 deputatum
976 1881 1130 1948 0610101000
1153 1881 1184 1947 61
1213 1881 1345 1948 stubam
1368 1881 1400 1946 in

149 1996 230 2062 diota
252 2015 343 2063 60066
366 1997 608 2082 6001016οο0616
635 1999 666 2064 et
688 1997 844 2082 publicata
873 1996 1064 2064 currentibus
1086 1997 1176 2063 annis
1199 2016 1218 2064 a
1239 1996 1400 2064 nativitate

148 2111 264 2178 domini
279 2112 377 2178 nostri
391 2111 467 2178 Jesu
482 2109 598 2179 Christi
619 2113 785 2179 millesimo
800 2112 1046 2198 quingentesimo
1061 2113 1220 2198 trigesimo
1234 2112 1401 2179 indictione

147 2227 395 2313 1601101600006
423 2228 619 2311 pontificatus
642 2229 779 2316 eiusdem
809 2228 998 2296 serenissimi
1019 2227 1137 2296 domini
1164 2229 1261 2296 nostri
1284 2227 1401 2295 domini

148 2341 313 2410 Clementis
337 2344 461 2427 septimi
483 2343 588 2411 dirius
602 2345 792 2428 providentia
813 2344 967 2429 pontificis
982 2345 1110 2411 00001001
1131 2345 1240 2413 diebus
1262 2364 1341 2426 vero,
1365 2363 1400 2411 00

146 2458 304 2525 mensibus
325 2458 537 2545 infrascriptis.
1452 2441 1457 2450 ¹

235 2573 359 2640 undem
382 2593 470 2654 anno,
492 2575 667 2642 indictionis
682 2577 826 2660 tempore,
848 2575 1035 2659 pontificatu
1059 2577 1123 2643 loeo
1138 2579 1170 2644 61
1184 2576 1234 2644 die
1249 2575 1400 2662 vigesima

146 2689 262 2756 mensis
284 2690 420 2774 Augusti
440 2690 479 2756 de
501 2710 590 2757 mane
612 2690 687 2757 hora
709 2691 877 2758 tertiarum

234 2803 411 2889 Comparuit
432 2825 534 2874 eoram
565 2826 646 2891 mag.
669 2806 791 2874 domino
813 2807 996 2874 Baldessare
1018 2807 1056 2873 de
1074 2807 1242 2875 Berturolis
1265 2807 1396 2875 (166606-

145 2922 231 2988 tense
253 2921 388 2987 civitatis
410 2923 572 2988 Ravennae
593 2923 743 3007 potestate
767 2921 950 3008 dignissimo
969 2923 1092 2991 sedente
1113 2943 1168 3008 pro
1191 2925 1339 2990 tribunali
1361 2928 1396 2990 01

146 3055 237 3122 snpra
259 3056 319 3104 rev.
336 3038 368 3103 in
384 3035 505 3104 Christo
528 3039 614 3122 pater
635 3038 777 3105 dominns
792 3039 927 3106 Joannes
942 3039 1052 3106 Petrus
1068 3040 1207 3107 limatius
1230 3040 1286 3106 iur.
1304 3041 1395 3106 01010.

144 3152 248 3220 doctor
270 3155 393 3220 6000106
410 3154 572 3221 Ravennae
593 3155 737 3220 ecelesiae
758 3155 920 3222 canonieus
943 3154 1188 3238 prothonotarius
1211 3157 1395 3239 apostolicus

143 3267 339 3354 eiusdemque
369 3271 491 3336 sanctae
513 3270 756 3337 Ravennatensis
779 3269 922 3337 ecclesiae
944 3269 1075 3336 01060106
1097 3271 1250 3356 generalis
1272 3273 1328 3338 eto.

234 3383 298 3452 Neo
320 3403 381 3450 non
410 3388 584 3470 procurator
613 3385 801 3452 serenissimi
823 3385 941 3452 domini
963 3387 1060 3452 nostri
1089 3385 1207 3454 domini
1229 3385 1395 3456 Clementis

143 3500 247 3567 divina
268 3501 459 3586 providentia
487 3520 583 3586 00066
606 3501 739 3586 septimi,
768 3521 804 3568 00
826 3499 956 3568 Sanctae
985 3500 1072 3569 Sedis
1094 3503 1278 3585 apostolieae
1306 3508 1396 3588 prout

143 3616 268 3683 deeius
291 3616 512 3700 procurationis
541 3617 686 3683 mandato
709 3618 837 3697 constat,
866 3619 898 3683 et
920 3619 1046 3701 0006061
1068 3636 1103 3684 eu
1125 3618 1247 3702 publico
1275 3618 1394 3686 instru-

143 3733 246 3799 mento
276 3732 389 3816 scripto
411 3735 443 3798 et
472 3735 578 3817 rogato
607 3752 660 3817 060
682 3733 711 3800 (1
734 3733 881 3800 Ventium
904 3731 1054 3817 Spathum
1084 3733 1121 3801 de
1144 3733 1229 3800 Cesis
1258 3753 1395 3802 camerae

143 3849 326 3932 apostolieae
348 3849 501 3915 001601οι0
523 3848 604 3933 quod
626 3848 786 3915 actualiter
809 3849 946 3916 exhibuit
967 3852 999 3916 et
1020 3848 1162 3934 produxit
1183 3849 1216 3916 in
1238 3850 1394 3933 publicam

142 3965 174 4030 61
189 3964 373 4031 autenticam
390 3965 519 4031 formam
543 3983 604 4031 una
618 3984 688 4032 oum
702 3965 801 4030 1116016
816 3964 1075 4032 testimonialibus
1097 3984 1151 4050 pro
1171 3965 1394 4050 legitimatione

143 4099 215 4146 suae
246 4099 400 4164 personae.
469 4079 535 4147 Nec
565 4099 626 4148 non
657 4080 795 4147 exhibuit
823 4100 858 4146 ao
889 4081 1077 4164 presentavit
1107 4081 1255 4166 quasdam
1286 4083 1393 4149 1116066

141 4197 280 4281 patentes
307 4216 325 4262 6
348 4197 556 4264 sacratissimo
584 4197 613 4264 d.
637 4197 666 4264 d.
696 4195 801 4264 Carolo
828 4197 934 4281 quinto
963 4197 1145 4282 imperatore
1174 4199 1331 4264 emanatas
1361 4199 1394 4264 in

140 4331 254 4397 papyro
278 4313 407 4398 60010106
430 4333 465 4379 66
488 4314 591 4399 6101110
607 4313 686 4380 60601
699 4313 820 4399 imperii
851 4313 1004 4398 sigillatas
1026 4313 1108 4381 dioto
1131 4313 1159 4380 d
1175 4314 1321 4398 potestati
1342 4315 1392 4380 di·

140 4430 271 4496 reotivas
293 4449 369 4515 quas
384 4431 507 4497 instetit
528 4430 647 4515 aperiri,
670 4431 701 4496 et
723 4430 786 4515 legi
808 4449 844 4497 00
866 4429 940 4511 11001,
963 4429 1112 4510 mandari,
1135 4432 1166 4496 et
1180 4429 1286 4514 exequi
1308 4429 1393 4497 iuxta

140 4548 173 4614 61
194 4546 361 4614 seeundum
383 4567 487 4616 earum
510 4551 646 4616 tenorem
669 4550 700 4616 et
714 4546 934 4616 continentiam
957 4567 1011 4615 nec
1027 4567 1088 4616 nou
1110 4546 1184 4633 eligi
1207 4549 1238 4614 61
1253 4547 1393 4640 deputari
