<?xml version="1.0" encoding="UTF-8"?>
<!DOCTYPE html PUBLIC "-//W3C//DTD XHTML 1.0 Transitional//EN"
    "http://www.w3.org/TR/xhtml1/DTD/xhtml1-transitional.dtd">
<html xmlns="http://www.w3.org/1999/xhtml" xml:lang="en" lang="en">
 <head>
  <title>
</title>
<meta http-equiv="Content-Type" content="text/html;charset=utf-8" />
  <meta name='ocr-system' content='tesseract 3.04.00' />
  <meta name='ocr-capabilities' content='ocr_page ocr_carea ocr_par ocr_line ocrx_word'/>
</head>
<body>
  <div class='ocr_page' id='page_1' title='image "./monumentasaecul00clemgoog_0105.png"; bbox 0 0 3400 5088; ppageno 0'>
   <div class='ocr_carea' id='block_1_1' title="bbox 794 367 1017 435">
    <p class='ocr_par' dir='ltr' id='par_1_1' title="bbox 794 367 1017 435">
     <span class='ocr_line' id='line_1_1' title="bbox 794 367 1017 435; baseline -0.009 -19"><span class='ocrx_word' id='word_1_1' title='bbox 794 367 1017 435; x_wconf 76' lang='lat' dir='ltr'>..gg-</span> 
     </span>
    </p>
   </div>
   <div class='ocr_carea' id='block_1_2' title="bbox 278 561 1534 3526">
    <p class='ocr_par' dir='ltr' id='par_1_2' title="bbox 278 561 1534 3526">
     <span class='ocr_line' id='line_1_2' title="bbox 279 561 1530 648; baseline -0.001 -19"><span class='ocrx_word' id='word_1_2' title='bbox 279 561 414 629; x_wconf 86' lang='lat' dir='ltr'><strong>cordinm</strong></span> <span class='ocrx_word' id='word_1_3' title='bbox 445 561 526 630; x_wconf 86' lang='lat' dir='ltr'><strong>inter</strong></span> <span class='ocrx_word' id='word_1_4' title='bbox 555 583 608 630; x_wconf 87' lang='lat' dir='ltr'><strong>vos</strong></span> <span class='ocrx_word' id='word_1_5' title='bbox 639 561 860 630; x_wconf 84' lang='lat' dir='ltr'><strong>conciliandam</strong></span> <span class='ocrx_word' id='word_1_6' title='bbox 890 562 1075 648; x_wconf 77' lang='lat' dir='ltr'><strong>pertinentia</strong></span> <span class='ocrx_word' id='word_1_7' title='bbox 1106 563 1300 631; x_wconf 79' lang='lat' dir='ltr'><strong>commodum</strong></span> <span class='ocrx_word' id='word_1_8' title='bbox 1332 565 1468 630; x_wconf 86' lang='lat' dir='ltr'><strong>vostrum</strong></span> <span class='ocrx_word' id='word_1_9' title='bbox 1498 563 1530 628; x_wconf 89' lang='lat' dir='ltr'><strong>et</strong></span> 
     </span>
     <span class='ocr_line' id='line_1_3' title="bbox 281 661 1530 763; baseline -0.002 -18"><span class='ocrx_word' id='word_1_10' title='bbox 281 680 426 746; x_wconf 83' lang='lat' dir='ltr'><strong>honorem</strong></span> <span class='ocrx_word' id='word_1_11' title='bbox 447 698 518 746; x_wconf 89' lang='lat' dir='ltr'><strong>cum</strong></span> <span class='ocrx_word' id='word_1_12' title='bbox 540 679 632 745; x_wconf 89' lang='lat' dir='ltr'><strong>huius</strong></span> <span class='ocrx_word' id='word_1_13' title='bbox 648 677 777 746; x_wconf 79' lang='lat' dir='ltr'><strong>Sanctae</strong></span> <span class='ocrx_word' id='word_1_14' title='bbox 793 676 880 745; x_wconf 85' lang='lat' dir='ltr'><strong>Sedis</strong></span> <span class='ocrx_word' id='word_1_15' title='bbox 903 679 1016 746; x_wconf 88' lang='lat' dir='ltr'><strong>honore</strong></span> <span class='ocrx_word' id='word_1_16' title='bbox 1038 680 1070 745; x_wconf 90' lang='lat' dir='ltr'><strong>et</strong></span> <span class='ocrx_word' id='word_1_17' title='bbox 1092 678 1250 746; x_wconf 88' lang='lat' dir='ltr'><strong>commodo</strong></span> <span class='ocrx_word' id='word_1_18' title='bbox 1265 661 1530 763; x_wconf 73' lang='lat' dir='ltr'><strong>comprehendunt,</strong></span> 
     </span>
     <span class='ocr_line' id='line_1_4' title="bbox 280 794 1528 880; baseline -0.002 -18"><span class='ocrx_word' id='word_1_19' title='bbox 280 796 429 880; x_wconf 80' lang='lat' dir='ltr'><strong>elegimus</strong></span> <span class='ocrx_word' id='word_1_20' title='bbox 452 815 487 862; x_wconf 87' lang='lat' dir='ltr'><strong>ex</strong></span> <span class='ocrx_word' id='word_1_21' title='bbox 510 795 730 880; x_wconf 80' lang='lat' dir='ltr'><strong>multisonam</strong></span> <span class='ocrx_word' id='word_1_22' title='bbox 753 795 793 860; x_wconf 85' lang='lat' dir='ltr'><strong>ad</strong></span> <span class='ocrx_word' id='word_1_23' title='bbox 814 815 868 863; x_wconf 87' lang='lat' dir='ltr'><strong>ros</strong></span> <span class='ocrx_word' id='word_1_24' title='bbox 890 795 1083 863; x_wconf 81' lang='lat' dir='ltr'><strong>mitteremus</strong></span> <span class='ocrx_word' id='word_1_25' title='bbox 1106 814 1172 862; x_wconf 88' lang='lat' dir='ltr'><strong>van.</strong></span> <span class='ocrx_word' id='word_1_26' title='bbox 1188 795 1323 862; x_wconf 84' lang='lat' dir='ltr'><strong>fratrem</strong></span> <span class='ocrx_word' id='word_1_27' title='bbox 1360 795 1394 862; x_wconf 79' lang='grc' dir='ltr'><strong>Ε.</strong></span> <span class='ocrx_word' id='word_1_28' title='bbox 1412 794 1528 878; x_wconf 91' lang='lat' dir='ltr'><strong>episco-</strong></span> 
     </span>
     <span class='ocr_line' id='line_1_5' title="bbox 280 911 1529 997; baseline -0.001 -20"><span class='ocrx_word' id='word_1_29' title='bbox 280 931 354 997; x_wconf 91' lang='lat' dir='ltr'><strong>pum</strong></span> <span class='ocrx_word' id='word_1_30' title='bbox 368 911 558 978; x_wconf 81' lang='lat' dir='ltr'><strong>Verulanum</strong></span> <span class='ocrx_word' id='word_1_31' title='bbox 579 911 737 977; x_wconf 88' lang='lat' dir='ltr'><strong>bominem</strong></span> <span class='ocrx_word' id='word_1_32' title='bbox 759 930 820 977; x_wconf 93' lang='lat' dir='ltr'><strong>non</strong></span> <span class='ocrx_word' id='word_1_33' title='bbox 843 912 943 978; x_wconf 90' lang='lat' dir='ltr'><strong>solum</strong></span> <span class='ocrx_word' id='word_1_34' title='bbox 957 911 1054 978; x_wconf 88' lang='lat' dir='ltr'><strong>fidum</strong></span> <span class='ocrx_word' id='word_1_35' title='bbox 1077 911 1167 996; x_wconf 87' lang='lat' dir='ltr'><strong>atqua</strong></span> <span class='ocrx_word' id='word_1_36' title='bbox 1181 911 1363 996; x_wconf 87' lang='lat' dir='ltr'><strong>prudentem</strong></span> <span class='ocrx_word' id='word_1_37' title='bbox 1385 912 1416 977; x_wconf 86' lang='lat' dir='ltr'><strong>et</strong></span> <span class='ocrx_word' id='word_1_38' title='bbox 1429 929 1529 976; x_wconf 89' lang='lat' dir='ltr'><strong>rerum</strong></span> 
     </span>
     <span class='ocr_line' id='line_1_6' title="bbox 279 1025 1530 1112; baseline -0.001 -19"><span class='ocrx_word' id='word_1_39' title='bbox 279 1028 451 1094; x_wconf 84' lang='lat' dir='ltr'><strong>vestrarum</strong></span> <span class='ocrx_word' id='word_1_40' title='bbox 473 1047 532 1094; x_wconf 88' lang='lat' dir='ltr'><strong>usu</strong></span> <span class='ocrx_word' id='word_1_41' title='bbox 559 1027 833 1111; x_wconf 74' lang='lat' dir='ltr'><strong>consuetudineque</strong></span> <span class='ocrx_word' id='word_1_42' title='bbox 861 1028 1009 1112; x_wconf 83' lang='lat' dir='ltr'><strong>peritum,</strong></span> <span class='ocrx_word' id='word_1_43' title='bbox 1040 1027 1092 1094; x_wconf 75' lang='lat' dir='ltr'><strong>seri</strong></span> <span class='ocrx_word' id='word_1_44' title='bbox 1121 1027 1173 1111; x_wconf 89' lang='lat' dir='ltr'><strong>qui</strong></span> <span class='ocrx_word' id='word_1_45' title='bbox 1202 1027 1288 1094; x_wconf 88' lang='lat' dir='ltr'><strong>tanto</strong></span> <span class='ocrx_word' id='word_1_46' title='bbox 1318 1026 1403 1094; x_wconf 84' lang='lat' dir='ltr'><strong>vobis</strong></span> <span class='ocrx_word' id='word_1_47' title='bbox 1431 1025 1530 1092; x_wconf 87' lang='lat' dir='ltr'><strong>studio</strong></span> 
     </span>
     <span class='ocr_line' id='line_1_7' title="bbox 279 1143 1530 1210; baseline -0.002 0"><span class='ocrx_word' id='word_1_48' title='bbox 279 1144 366 1210; x_wconf 86' lang='lat' dir='ltr'><strong>tanto</strong></span> <span class='ocrx_word' id='word_1_49' title='bbox 395 1162 499 1210; x_wconf 85' lang='lat' dir='ltr'><strong>amore</strong></span> <span class='ocrx_word' id='word_1_50' title='bbox 527 1143 648 1209; x_wconf 84' lang='lat' dir='ltr'><strong>deditus</strong></span> <span class='ocrx_word' id='word_1_51' title='bbox 671 1144 718 1209; x_wconf 86' lang='lat' dir='ltr'><strong>ost</strong></span> <span class='ocrx_word' id='word_1_52' title='bbox 747 1143 783 1208; x_wconf 92' lang='lat' dir='ltr'><strong>ut</strong></span> <span class='ocrx_word' id='word_1_53' title='bbox 805 1143 884 1209; x_wconf 89' lang='lat' dir='ltr'><strong>nihil</strong></span> <span class='ocrx_word' id='word_1_54' title='bbox 914 1144 957 1209; x_wconf 89' lang='lat' dir='ltr'><strong>sit</strong></span> <span class='ocrx_word' id='word_1_55' title='bbox 986 1143 1114 1209; x_wconf 82' lang='lat' dir='ltr'><strong>eximiae</strong></span> <span class='ocrx_word' id='word_1_56' title='bbox 1137 1145 1168 1208; x_wconf 89' lang='lat' dir='ltr'><strong>et</strong></span> <span class='ocrx_word' id='word_1_57' title='bbox 1197 1143 1348 1209; x_wconf 85' lang='lat' dir='ltr'><strong>maximae</strong></span> <span class='ocrx_word' id='word_1_58' title='bbox 1377 1143 1476 1209; x_wconf 75' lang='lat' dir='ltr'><strong>burlis</strong></span> <span class='ocrx_word' id='word_1_59' title='bbox 1498 1143 1530 1209; x_wconf 89' lang='lat' dir='ltr'><strong>at</strong></span> 
     </span>
     <span class='ocr_line' id='line_1_8' title="bbox 279 1258 1528 1345; baseline 0 -21"><span class='ocrx_word' id='word_1_60' title='bbox 279 1258 552 1326; x_wconf 83' lang='lat' dir='ltr'><strong>commendationis</strong></span> <span class='ocrx_word' id='word_1_61' title='bbox 575 1258 655 1344; x_wconf 87' lang='lat' dir='ltr'><strong>quod</strong></span> <span class='ocrx_word' id='word_1_62' title='bbox 677 1278 738 1326; x_wconf 91' lang='lat' dir='ltr'><strong>non</strong></span> <span class='ocrx_word' id='word_1_63' title='bbox 753 1259 875 1326; x_wconf 90' lang='lat' dir='ltr'><strong>assidue</strong></span> <span class='ocrx_word' id='word_1_64' title='bbox 897 1279 932 1326; x_wconf 83' lang='lat' dir='ltr'><strong>ax</strong></span> <span class='ocrx_word' id='word_1_65' title='bbox 955 1279 1005 1326; x_wconf 91' lang='lat' dir='ltr'><strong>ore</strong></span> <span class='ocrx_word' id='word_1_66' title='bbox 1020 1259 1105 1324; x_wconf 89' lang='lat' dir='ltr'><strong>illius</strong></span> <span class='ocrx_word' id='word_1_67' title='bbox 1128 1258 1161 1324; x_wconf 94' lang='lat' dir='ltr'><strong>in</strong></span> <span class='ocrx_word' id='word_1_68' title='bbox 1184 1259 1392 1325; x_wconf 76' lang='lat' dir='ltr'><strong>celebritatem</strong></span> <span class='ocrx_word' id='word_1_69' title='bbox 1415 1259 1446 1325; x_wconf 87' lang='lat' dir='ltr'><strong>et</strong></span> <span class='ocrx_word' id='word_1_70' title='bbox 1459 1259 1528 1345; x_wconf 85' lang='lat' dir='ltr'><strong>glo·</strong></span> 
     </span>
     <span class='ocr_line' id='line_1_9' title="bbox 279 1374 1530 1461; baseline -0.001 -19"><span class='ocrx_word' id='word_1_71' title='bbox 279 1374 358 1442; x_wconf 89' lang='lat' dir='ltr'><strong>riam</strong></span> <span class='ocrx_word' id='word_1_72' title='bbox 373 1375 469 1442; x_wconf 77' lang='lat' dir='ltr'><strong>assui</strong></span> <span class='ocrx_word' id='word_1_73' title='bbox 490 1375 611 1461; x_wconf 86' lang='lat' dir='ltr'><strong>generis</strong></span> <span class='ocrx_word' id='word_1_74' title='bbox 626 1374 819 1461; x_wconf 85' lang='lat' dir='ltr'><strong>nominisque</strong></span> <span class='ocrx_word' id='word_1_75' title='bbox 833 1374 990 1460; x_wconf 80' lang='lat' dir='ltr'><strong>procedat3</strong></span> <span class='ocrx_word' id='word_1_76' title='bbox 1013 1374 1066 1459; x_wconf 92' lang='lat' dir='ltr'><strong>qui</strong></span> <span class='ocrx_word' id='word_1_77' title='bbox 1081 1375 1221 1459; x_wconf 89' lang='lat' dir='ltr'><strong>quamvis</strong></span> <span class='ocrx_word' id='word_1_78' title='bbox 1236 1375 1299 1441; x_wconf 91' lang='lat' dir='ltr'><strong>iam</strong></span> <span class='ocrx_word' id='word_1_79' title='bbox 1314 1377 1414 1442; x_wconf 86' lang='lat' dir='ltr'><strong>aetate</strong></span> <span class='ocrx_word' id='word_1_80' title='bbox 1428 1374 1530 1460; x_wconf 75' lang='lat' dir='ltr'><strong>gravis</strong></span> 
     </span>
     <span class='ocr_line' id='line_1_10' title="bbox 279 1489 1528 1577; baseline -0.001 -20"><span class='ocrx_word' id='word_1_81' title='bbox 279 1490 311 1558; x_wconf 88' lang='lat' dir='ltr'><strong>et</strong></span> <span class='ocrx_word' id='word_1_82' title='bbox 332 1490 497 1571; x_wconf 88' lang='lat' dir='ltr'><strong>laboribus,</strong></span> <span class='ocrx_word' id='word_1_83' title='bbox 519 1489 695 1576; x_wconf 83' lang='lat' dir='ltr'><strong>perfunctus</strong></span> <span class='ocrx_word' id='word_1_84' title='bbox 719 1491 769 1572; x_wconf 76' lang='lat' dir='ltr'><strong>sit,</strong></span> <span class='ocrx_word' id='word_1_85' title='bbox 792 1509 914 1558; x_wconf 90' lang='lat' dir='ltr'><strong>omnem</strong></span> <span class='ocrx_word' id='word_1_86' title='bbox 929 1493 1034 1557; x_wconf 85' lang='lat' dir='ltr'><strong>tannen</strong></span> <span class='ocrx_word' id='word_1_87' title='bbox 1056 1491 1296 1577; x_wconf 79' lang='lat' dir='ltr'><strong>negociationem</strong></span> <span class='ocrx_word' id='word_1_88' title='bbox 1319 1511 1411 1576; x_wconf 86' lang='lat' dir='ltr'><strong>quarn</strong></span> <span class='ocrx_word' id='word_1_89' title='bbox 1428 1491 1528 1558; x_wconf 84' lang='lat' dir='ltr'><strong>vobis·</strong></span> 
     </span>
     <span class='ocr_line' id='line_1_11' title="bbox 279 1605 1530 1692; baseline -0.003 -16"><span class='ocrx_word' id='word_1_90' title='bbox 279 1625 350 1676; x_wconf 84' lang='lat' dir='ltr'><strong>eum</strong></span> <span class='ocrx_word' id='word_1_91' title='bbox 372 1607 415 1674; x_wconf 87' lang='lat' dir='ltr'><strong>sit</strong></span> <span class='ocrx_word' id='word_1_92' title='bbox 437 1609 559 1675; x_wconf 88' lang='lat' dir='ltr'><strong>acturus</strong></span> <span class='ocrx_word' id='word_1_93' title='bbox 582 1605 643 1673; x_wconf 92' lang='lat' dir='ltr'><strong>sibi</strong></span> <span class='ocrx_word' id='word_1_94' title='bbox 672 1625 726 1691; x_wconf 93' lang='lat' dir='ltr'><strong>pro</strong></span> <span class='ocrx_word' id='word_1_95' title='bbox 749 1607 858 1674; x_wconf 89' lang='lat' dir='ltr'><strong>solatio</strong></span> <span class='ocrx_word' id='word_1_96' title='bbox 881 1609 913 1674; x_wconf 91' lang='lat' dir='ltr'><strong>et</strong></span> <span class='ocrx_word' id='word_1_97' title='bbox 934 1625 989 1692; x_wconf 90' lang='lat' dir='ltr'><strong>pro</strong></span> <span class='ocrx_word' id='word_1_98' title='bbox 1012 1607 1145 1692; x_wconf 88' lang='lat' dir='ltr'><strong>requiete</strong></span> <span class='ocrx_word' id='word_1_99' title='bbox 1167 1606 1338 1685; x_wconf 86' lang='lat' dir='ltr'><strong>existimat;</strong></span> <span class='ocrx_word' id='word_1_100' title='bbox 1368 1607 1454 1674; x_wconf 88' lang='lat' dir='ltr'><strong>cuius</strong></span> <span class='ocrx_word' id='word_1_101' title='bbox 1474 1624 1530 1673; x_wconf 92' lang='lat' dir='ltr'><strong>nos</strong></span> 
     </span>
     <span class='ocr_line' id='line_1_12' title="bbox 278 1707 1531 1808; baseline -0.001 -19"><span class='ocrx_word' id='word_1_102' title='bbox 278 1722 473 1807; x_wconf 85' lang='lat' dir='ltr'><strong>pmdentiam</strong></span> <span class='ocrx_word' id='word_1_103' title='bbox 501 1725 534 1791; x_wconf 89' lang='lat' dir='ltr'><strong>et</strong></span> <span class='ocrx_word' id='word_1_104' title='bbox 555 1722 740 1790; x_wconf 74' lang='lat' dir='ltr'><strong>mansuum</strong></span> <span class='ocrx_word' id='word_1_105' title='bbox 769 1723 898 1789; x_wconf 85' lang='lat' dir='ltr'><strong>maximi</strong></span> <span class='ocrx_word' id='word_1_106' title='bbox 926 1723 1072 1800; x_wconf 82' lang='lat' dir='ltr'><strong>facimns3</strong></span> <span class='ocrx_word' id='word_1_107' title='bbox 1102 1725 1134 1789; x_wconf 92' lang='lat' dir='ltr'><strong>et</strong></span> <span class='ocrx_word' id='word_1_108' title='bbox 1155 1707 1235 1808; x_wconf 85' lang='lat' dir='ltr'><strong>quod</strong></span> <span class='ocrx_word' id='word_1_109' title='bbox 1257 1724 1344 1791; x_wconf 79' lang='lat' dir='ltr'><strong>vobis</strong></span> <span class='ocrx_word' id='word_1_110' title='bbox 1366 1723 1394 1789; x_wconf 91' lang='lat' dir='ltr'><strong>is</strong></span> <span class='ocrx_word' id='word_1_111' title='bbox 1417 1723 1531 1807; x_wconf 88' lang='lat' dir='ltr'><strong>optime</strong></span> 
     </span>
     <span class='ocr_line' id='line_1_13' title="bbox 278 1837 1530 1924; baseline -0.002 -18"><span class='ocrx_word' id='word_1_112' title='bbox 278 1839 369 1906; x_wconf 88' lang='lat' dir='ltr'><strong>notus</strong></span> <span class='ocrx_word' id='word_1_113' title='bbox 392 1842 448 1919; x_wconf 80' lang='lat' dir='ltr'><strong>est,</strong></span> <span class='ocrx_word' id='word_1_114' title='bbox 471 1839 636 1906; x_wconf 76' lang='lat' dir='ltr'><strong>adventrum</strong></span> <span class='ocrx_word' id='word_1_115' title='bbox 651 1855 769 1924; x_wconf 89' lang='lat' dir='ltr'><strong>quoque</strong></span> <span class='ocrx_word' id='word_1_116' title='bbox 790 1837 877 1904; x_wconf 88' lang='lat' dir='ltr'><strong>illins</strong></span> <span class='ocrx_word' id='word_1_117' title='bbox 892 1839 1044 1924; x_wconf 84' lang='lat' dir='ltr'><strong>voluptati</strong></span> <span class='ocrx_word' id='word_1_118' title='bbox 1068 1838 1154 1905; x_wconf 91' lang='lat' dir='ltr'><strong>vobis</strong></span> <span class='ocrx_word' id='word_1_119' title='bbox 1169 1838 1233 1905; x_wconf 88' lang='lat' dir='ltr'><strong>fore</strong></span> <span class='ocrx_word' id='word_1_120' title='bbox 1255 1858 1316 1906; x_wconf 93' lang='lat' dir='ltr'><strong>non</strong></span> <span class='ocrx_word' id='word_1_121' title='bbox 1338 1838 1530 1916; x_wconf 81' lang='lat' dir='ltr'><strong>dubitamns3</strong></span> 
     </span>
     <span class='ocr_line' id='line_1_14' title="bbox 278 1951 1529 2039; baseline 0 -19"><span class='ocrx_word' id='word_1_122' title='bbox 278 1951 426 2039; x_wconf 85' lang='lat' dir='ltr'><strong>eiigitur</strong></span> <span class='ocrx_word' id='word_1_123' title='bbox 454 1952 666 2020; x_wconf 89' lang='lat' dir='ltr'><strong>commisimus</strong></span> <span class='ocrx_word' id='word_1_124' title='bbox 699 1973 809 2020; x_wconf 87' lang='lat' dir='ltr'><strong>aroana</strong></span> <span class='ocrx_word' id='word_1_125' title='bbox 831 1955 935 2021; x_wconf 88' lang='lat' dir='ltr'><strong>omnia</strong></span> <span class='ocrx_word' id='word_1_126' title='bbox 958 1953 1086 2021; x_wconf 89' lang='lat' dir='ltr'><strong>consilia</strong></span> <span class='ocrx_word' id='word_1_127' title='bbox 1114 1957 1220 2021; x_wconf 83' lang='lat' dir='ltr'><strong>nostra</strong></span> <span class='ocrx_word' id='word_1_128' title='bbox 1242 1955 1401 2023; x_wconf 84' lang='lat' dir='ltr'><strong>vobiscum</strong></span> <span class='ocrx_word' id='word_1_129' title='bbox 1427 1955 1529 2022; x_wconf 84' lang='lat' dir='ltr'><strong>confe-</strong></span> 
     </span>
     <span class='ocr_line' id='line_1_15' title="bbox 278 2069 1530 2156; baseline -0.001 -20"><span class='ocrx_word' id='word_1_130' title='bbox 278 2069 372 2136; x_wconf 81' lang='lat' dir='ltr'><strong>renda</strong></span> <span class='ocrx_word' id='word_1_131' title='bbox 402 2071 433 2136; x_wconf 89' lang='lat' dir='ltr'><strong>at</strong></span> <span class='ocrx_word' id='word_1_132' title='bbox 462 2069 536 2155; x_wconf 82' lang='lat' dir='ltr'><strong>qnid</strong></span> <span class='ocrx_word' id='word_1_133' title='bbox 567 2069 664 2136; x_wconf 90' lang='lat' dir='ltr'><strong>animi</strong></span> <span class='ocrx_word' id='word_1_134' title='bbox 693 2069 860 2136; x_wconf 87' lang='lat' dir='ltr'><strong>habeamus</strong></span> <span class='ocrx_word' id='word_1_135' title='bbox 889 2071 923 2136; x_wconf 93' lang='lat' dir='ltr'><strong>in</strong></span> <span class='ocrx_word' id='word_1_136' title='bbox 951 2071 1083 2136; x_wconf 90' lang='lat' dir='ltr'><strong>salutem</strong></span> <span class='ocrx_word' id='word_1_137' title='bbox 1113 2089 1147 2136; x_wconf 91' lang='lat' dir='ltr'><strong>ac</strong></span> <span class='ocrx_word' id='word_1_138' title='bbox 1174 2070 1358 2156; x_wconf 80' lang='lat' dir='ltr'><strong>dignitatem</strong></span> <span class='ocrx_word' id='word_1_139' title='bbox 1389 2073 1530 2152; x_wconf 73' lang='lat' dir='ltr'><strong>raabam,</strong></span> 
     </span>
     <span class='ocr_line' id='line_1_16' title="bbox 278 2185 1531 2272; baseline -0.002 -20"><span class='ocrx_word' id='word_1_140' title='bbox 278 2185 432 2271; x_wconf 88' lang='lat' dir='ltr'><strong>quantam</strong></span> <span class='ocrx_word' id='word_1_141' title='bbox 448 2204 550 2252; x_wconf 91' lang='lat' dir='ltr'><strong>rerum</strong></span> <span class='ocrx_word' id='word_1_142' title='bbox 572 2186 879 2266; x_wconf 66' lang='lat' dir='ltr'><strong>oecumenicorum,</strong></span> <span class='ocrx_word' id='word_1_143' title='bbox 902 2205 997 2272; x_wconf 85' lang='lat' dir='ltr'><strong>quove</strong></span> <span class='ocrx_word' id='word_1_144' title='bbox 1020 2203 1122 2252; x_wconf 89' lang='lat' dir='ltr'><strong>amora</strong></span> <span class='ocrx_word' id='word_1_145' title='bbox 1152 2187 1309 2271; x_wconf 85' lang='lat' dir='ltr'><strong>capiamur</strong></span> <span class='ocrx_word' id='word_1_146' title='bbox 1337 2187 1372 2252; x_wconf 87' lang='lat' dir='ltr'><strong>nt</strong></span> <span class='ocrx_word' id='word_1_147' title='bbox 1393 2186 1422 2253; x_wconf 92' lang='lat' dir='ltr'><strong>is</strong></span> <span class='ocrx_word' id='word_1_148' title='bbox 1443 2185 1531 2252; x_wconf 80' lang='lat' dir='ltr'><strong>robis</strong></span> 
     </span>
     <span class='ocr_line' id='line_1_17' title="bbox 278 2301 1529 2386; baseline 0.001 -20"><span class='ocrx_word' id='word_1_149' title='bbox 278 2301 422 2386; x_wconf 78' lang='lat' dir='ltr'><strong>exponat3</strong></span> <span class='ocrx_word' id='word_1_150' title='bbox 445 2320 536 2385; x_wconf 91' lang='lat' dir='ltr'><strong>quem</strong></span> <span class='ocrx_word' id='word_1_151' title='bbox 559 2301 594 2367; x_wconf 90' lang='lat' dir='ltr'><strong>nt</strong></span> <span class='ocrx_word' id='word_1_152' title='bbox 616 2301 747 2385; x_wconf 79' lang='lat' dir='ltr'><strong>benigne</strong></span> <span class='ocrx_word' id='word_1_153' title='bbox 769 2302 800 2367; x_wconf 89' lang='lat' dir='ltr'><strong>et</strong></span> <span class='ocrx_word' id='word_1_154' title='bbox 822 2301 1099 2386; x_wconf 78' lang='lat' dir='ltr'><strong>grateaolmittalis</strong></span> <span class='ocrx_word' id='word_1_155' title='bbox 1122 2321 1158 2368; x_wconf 91' lang='lat' dir='ltr'><strong>ac</strong></span> <span class='ocrx_word' id='word_1_156' title='bbox 1179 2302 1264 2369; x_wconf 90' lang='lat' dir='ltr'><strong>illius</strong></span> <span class='ocrx_word' id='word_1_157' title='bbox 1286 2301 1388 2369; x_wconf 86' lang='lat' dir='ltr'><strong>verbis</strong></span> <span class='ocrx_word' id='word_1_158' title='bbox 1406 2321 1529 2368; x_wconf 90' lang='lat' dir='ltr'><strong>nosme-</strong></span> 
     </span>
     <span class='ocr_line' id='line_1_18' title="bbox 278 2415 1531 2503; baseline 0.002 -21"><span class='ocrx_word' id='word_1_159' title='bbox 278 2415 376 2500; x_wconf 88' lang='lat' dir='ltr'><strong>tipsos</strong></span> <span class='ocrx_word' id='word_1_160' title='bbox 398 2415 495 2483; x_wconf 83' lang='lat' dir='ltr'><strong>ueluti</strong></span> <span class='ocrx_word' id='word_1_161' title='bbox 521 2417 678 2502; x_wconf 90' lang='lat' dir='ltr'><strong>loquentes</strong></span> <span class='ocrx_word' id='word_1_162' title='bbox 700 2417 868 2483; x_wconf 86' lang='lat' dir='ltr'><strong>attendatis</strong></span> <span class='ocrx_word' id='word_1_163' title='bbox 898 2417 1089 2503; x_wconf 85' lang='lat' dir='ltr'><strong>audiatisque</strong></span> <span class='ocrx_word' id='word_1_164' title='bbox 1118 2417 1292 2485; x_wconf 87' lang='lat' dir='ltr'><strong>devotiones</strong></span> <span class='ocrx_word' id='word_1_165' title='bbox 1321 2419 1439 2485; x_wconf 86' lang='lat' dir='ltr'><strong>restrae</strong></span> <span class='ocrx_word' id='word_1_166' title='bbox 1461 2437 1531 2484; x_wconf 88' lang='lat' dir='ltr'><strong>ma·</strong></span> 
     </span>
     <span class='ocr_line' id='line_1_19' title="bbox 279 2531 1533 2620; baseline 0 -22"><span class='ocrx_word' id='word_1_167' title='bbox 279 2550 411 2617; x_wconf 85' lang='lat' dir='ltr'><strong>gnopere</strong></span> <span class='ocrx_word' id='word_1_168' title='bbox 440 2531 473 2599; x_wconf 92' lang='lat' dir='ltr'><strong>in</strong></span> <span class='ocrx_word' id='word_1_169' title='bbox 495 2531 628 2599; x_wconf 89' lang='lat' dir='ltr'><strong>Domino</strong></span> <span class='ocrx_word' id='word_1_170' title='bbox 657 2531 830 2611; x_wconf 66' lang='lat' dir='ltr'><strong>hortamen</strong></span> <span class='ocrx_word' id='word_1_171' title='bbox 859 2533 946 2600; x_wconf 85' lang='lat' dir='ltr'><strong>vobis</strong></span> <span class='ocrx_word' id='word_1_172' title='bbox 975 2534 1188 2620; x_wconf 87' lang='lat' dir='ltr'><strong>promittentes</strong></span> <span class='ocrx_word' id='word_1_173' title='bbox 1219 2534 1247 2601; x_wconf 91' lang='lat' dir='ltr'><strong>si</strong></span> <span class='ocrx_word' id='word_1_174' title='bbox 1275 2536 1379 2601; x_wconf 82' lang='lat' dir='ltr'><strong>nostra</strong></span> <span class='ocrx_word' id='word_1_175' title='bbox 1407 2535 1533 2620; x_wconf 82' lang='lat' dir='ltr'><strong>patema</strong></span> 
     </span>
     <span class='ocr_line' id='line_1_20' title="bbox 279 2647 1532 2737; baseline 0 -22"><span class='ocrx_word' id='word_1_176' title='bbox 279 2647 398 2715; x_wconf 86' lang='lat' dir='ltr'><strong>monita</strong></span> <span class='ocrx_word' id='word_1_177' title='bbox 419 2649 450 2716; x_wconf 86' lang='lat' dir='ltr'><strong>ot</strong></span> <span class='ocrx_word' id='word_1_178' title='bbox 478 2649 606 2715; x_wconf 85' lang='lat' dir='ltr'><strong>consilia</strong></span> <span class='ocrx_word' id='word_1_179' title='bbox 635 2649 736 2715; x_wconf 86' lang='lat' dir='ltr'><strong>vestra</strong></span> <span class='ocrx_word' id='word_1_180' title='bbox 765 2650 926 2733; x_wconf 86' lang='lat' dir='ltr'><strong>prudentia</strong></span> <span class='ocrx_word' id='word_1_181' title='bbox 949 2652 980 2717; x_wconf 93' lang='lat' dir='ltr'><strong>et</strong></span> <span class='ocrx_word' id='word_1_182' title='bbox 1008 2650 1146 2717; x_wconf 85' lang='lat' dir='ltr'><strong>bonitate</strong></span> <span class='ocrx_word' id='word_1_183' title='bbox 1174 2651 1297 2737; x_wconf 84' lang='lat' dir='ltr'><strong>excepta</strong></span> <span class='ocrx_word' id='word_1_184' title='bbox 1326 2652 1361 2716; x_wconf 87' lang='lat' dir='ltr'><strong>ut</strong></span> <span class='ocrx_word' id='word_1_185' title='bbox 1390 2651 1532 2734; x_wconf 90' lang='lat' dir='ltr'><strong>optamus</strong></span> 
     </span>
     <span class='ocr_line' id='line_1_21' title="bbox 278 2763 1531 2851; baseline 0 -20"><span class='ocrx_word' id='word_1_186' title='bbox 278 2763 401 2846; x_wconf 65' lang='lat' dir='ltr'><strong>luerim,</strong></span> <span class='ocrx_word' id='word_1_187' title='bbox 423 2783 477 2830; x_wconf 80' lang='lat' dir='ltr'><strong>ros</strong></span> <span class='ocrx_word' id='word_1_188' title='bbox 500 2765 618 2832; x_wconf 82' lang='lat' dir='ltr'><strong>uestrae</strong></span> <span class='ocrx_word' id='word_1_189' title='bbox 641 2765 769 2831; x_wconf 85' lang='lat' dir='ltr'><strong>eximias</strong></span> <span class='ocrx_word' id='word_1_190' title='bbox 798 2766 923 2832; x_wconf 82' lang='lat' dir='ltr'><strong>virtutis</strong></span> <span class='ocrx_word' id='word_1_191' title='bbox 952 2767 1105 2833; x_wconf 89' lang='lat' dir='ltr'><strong>uberiores</strong></span> <span class='ocrx_word' id='word_1_192' title='bbox 1130 2766 1245 2833; x_wconf 84' lang='lat' dir='ltr'><strong>fructus</strong></span> <span class='ocrx_word' id='word_1_193' title='bbox 1275 2785 1368 2851; x_wconf 89' lang='lat' dir='ltr'><strong>quarn</strong></span> <span class='ocrx_word' id='word_1_194' title='bbox 1396 2785 1531 2851; x_wconf 87' lang='lat' dir='ltr'><strong>unquam</strong></span> 
     </span>
     <span class='ocr_line' id='line_1_22' title="bbox 279 2879 1534 2967; baseline 0.001 -21"><span class='ocrx_word' id='word_1_195' title='bbox 279 2881 370 2946; x_wconf 85' lang='lat' dir='ltr'><strong>antea</strong></span> <span class='ocrx_word' id='word_1_196' title='bbox 391 2879 517 2960; x_wconf 86' lang='lat' dir='ltr'><strong>laturos,</strong></span> <span class='ocrx_word' id='word_1_197' title='bbox 547 2881 626 2946; x_wconf 86' lang='lat' dir='ltr'><strong>siout</strong></span> <span class='ocrx_word' id='word_1_198' title='bbox 648 2881 679 2946; x_wconf 87' lang='lat' dir='ltr'><strong>et</strong></span> <span class='ocrx_word' id='word_1_199' title='bbox 708 2881 888 2948; x_wconf 88' lang='lat' dir='ltr'><strong>confidimus</strong></span> <span class='ocrx_word' id='word_1_200' title='bbox 911 2882 983 2963; x_wconf 85' lang='lat' dir='ltr'><strong>fore,</strong></span> <span class='ocrx_word' id='word_1_201' title='bbox 1012 2884 1044 2949; x_wconf 91' lang='lat' dir='ltr'><strong>et</strong></span> <span class='ocrx_word' id='word_1_202' title='bbox 1065 2902 1155 2949; x_wconf 90' lang='lat' dir='ltr'><strong>omne</strong></span> <span class='ocrx_word' id='word_1_203' title='bbox 1184 2882 1264 2967; x_wconf 86' lang='lat' dir='ltr'><strong>quod</strong></span> <span class='ocrx_word' id='word_1_204' title='bbox 1293 2882 1380 2948; x_wconf 85' lang='lat' dir='ltr'><strong>vobis</strong></span> <span class='ocrx_word' id='word_1_205' title='bbox 1402 2881 1534 2947; x_wconf 85' lang='lat' dir='ltr'><strong>utilitati</strong></span> 
     </span>
     <span class='ocr_line' id='line_1_23' title="bbox 280 2994 1530 3081; baseline 0 -19"><span class='ocrx_word' id='word_1_206' title='bbox 280 2994 438 3062; x_wconf 82' lang='lat' dir='ltr'><strong>commodo</strong></span> <span class='ocrx_word' id='word_1_207' title='bbox 460 2997 697 3080; x_wconf 85' lang='lat' dir='ltr'><strong>omamentoqua</strong></span> <span class='ocrx_word' id='word_1_208' title='bbox 718 3016 786 3062; x_wconf 88' lang='lat' dir='ltr'><strong>csse</strong></span> <span class='ocrx_word' id='word_1_209' title='bbox 807 2997 905 3081; x_wconf 85' lang='lat' dir='ltr'><strong>possit</strong></span> <span class='ocrx_word' id='word_1_210' title='bbox 927 2997 1069 3064; x_wconf 90' lang='lat' dir='ltr'><strong>omnibus</strong></span> <span class='ocrx_word' id='word_1_211' title='bbox 1093 2997 1171 3063; x_wconf 85' lang='lat' dir='ltr'><strong>votis</strong></span> <span class='ocrx_word' id='word_1_212' title='bbox 1194 3017 1212 3064; x_wconf 92' lang='lat' dir='ltr'><strong>a</strong></span> <span class='ocrx_word' id='word_1_213' title='bbox 1235 2998 1300 3064; x_wconf 88' lang='lat' dir='ltr'><strong>Deo</strong></span> <span class='ocrx_word' id='word_1_214' title='bbox 1322 2997 1530 3081; x_wconf 81' lang='lat' dir='ltr'><strong>omnipotente</strong></span> 
     </span>
     <span class='ocr_line' id='line_1_24' title="bbox 278 3093 1531 3198; baseline 0.001 -21"><span class='ocrx_word' id='word_1_215' title='bbox 278 3110 413 3196; x_wconf 87' lang='lat' dir='ltr'><strong>petimus</strong></span> <span class='ocrx_word' id='word_1_216' title='bbox 435 3111 467 3178; x_wconf 92' lang='lat' dir='ltr'><strong>et</strong></span> <span class='ocrx_word' id='word_1_217' title='bbox 488 3112 689 3179; x_wconf 89' lang='lat' dir='ltr'><strong>obsecramus.</strong></span> <span class='ocrx_word' id='word_1_218' title='bbox 727 3093 796 3178; x_wconf 68' lang='lat' dir='ltr'><strong>¹Sed</strong></span> <span class='ocrx_word' id='word_1_219' title='bbox 825 3112 899 3178; x_wconf 91' lang='lat' dir='ltr'><strong>haec</strong></span> <span class='ocrx_word' id='word_1_220' title='bbox 928 3113 1037 3178; x_wconf 87' lang='lat' dir='ltr'><strong>cancta</strong></span> <span class='ocrx_word' id='word_1_221' title='bbox 1065 3112 1147 3178; x_wconf 86' lang='lat' dir='ltr'><strong>idem</strong></span> <span class='ocrx_word' id='word_1_222' title='bbox 1171 3114 1329 3198; x_wconf 82' lang='lat' dir='ltr'><strong>episcopus</strong></span> <span class='ocrx_word' id='word_1_223' title='bbox 1359 3113 1531 3180; x_wconf 85' lang='lat' dir='ltr'><strong>Verulanus</strong></span> 
     </span>
     <span class='ocr_line' id='line_1_25' title="bbox 279 3226 1529 3314; baseline 0.001 -22"><span class='ocrx_word' id='word_1_224' title='bbox 279 3226 408 3293; x_wconf 68' lang='lat' dir='ltr'><strong>nunnus</strong></span> <span class='ocrx_word' id='word_1_225' title='bbox 437 3228 541 3294; x_wconf 83' lang='lat' dir='ltr'><strong>noster</strong></span> <span class='ocrx_word' id='word_1_226' title='bbox 562 3229 634 3314; x_wconf 84' lang='lat' dir='ltr'><strong>aget</strong></span> <span class='ocrx_word' id='word_1_227' title='bbox 663 3229 766 3294; x_wconf 92' lang='lat' dir='ltr'><strong>nostro</strong></span> <span class='ocrx_word' id='word_1_228' title='bbox 788 3227 911 3294; x_wconf 90' lang='lat' dir='ltr'><strong>nomino</strong></span> <span class='ocrx_word' id='word_1_229' title='bbox 940 3227 1089 3313; x_wconf 85' lang='lat' dir='ltr'><strong>copiosius</strong></span> <span class='ocrx_word' id='word_1_230' title='bbox 1113 3229 1279 3310; x_wconf 84' lang='lat' dir='ltr'><strong>vobiscum,</strong></span> <span class='ocrx_word' id='word_1_231' title='bbox 1302 3229 1352 3295; x_wconf 87' lang='lat' dir='ltr'><strong>oei</strong></span> <span class='ocrx_word' id='word_1_232' title='bbox 1375 3246 1529 3294; x_wconf 86' lang='lat' dir='ltr'><strong>summam</strong></span> 
     </span>
     <span class='ocr_line' id='line_1_26' title="bbox 279 3340 1531 3412; baseline 0.002 -4"><span class='ocrx_word' id='word_1_233' title='bbox 279 3340 373 3408; x_wconf 84' lang='lat' dir='ltr'><strong>fidem</strong></span> <span class='ocrx_word' id='word_1_234' title='bbox 401 3341 564 3411; x_wconf 84' lang='lat' dir='ltr'><strong>babebitis.</strong></span> <span class='ocrx_word' id='word_1_235' title='bbox 610 3344 727 3410; x_wconf 85' lang='lat' dir='ltr'><strong>Datum</strong></span> <span class='ocrx_word' id='word_1_236' title='bbox 756 3345 871 3411; x_wconf 85' lang='lat' dir='ltr'><strong>Romae</strong></span> <span class='ocrx_word' id='word_1_237' title='bbox 900 3346 955 3412; x_wconf 88' lang='lat' dir='ltr'><strong>etc.</strong></span> <span class='ocrx_word' id='word_1_238' title='bbox 1001 3345 1075 3412; x_wconf 85' lang='lat' dir='ltr'><strong>xiiii.</strong></span> <span class='ocrx_word' id='word_1_239' title='bbox 1098 3344 1257 3412; x_wconf 85' lang='lat' dir='ltr'><strong>Februarii</strong></span> <span class='ocrx_word' id='word_1_240' title='bbox 1278 3345 1396 3412; x_wconf 79' lang='lat' dir='ltr'><strong>mlxxv.</strong></span> <span class='ocrx_word' id='word_1_241' title='bbox 1441 3344 1531 3411; x_wconf 79' lang='lat' dir='ltr'><strong>Anno</strong></span> 
     </span>
     <span class='ocr_line' id='line_1_27' title="bbox 280 3457 419 3526; baseline -0.022 1"><span class='ocrx_word' id='word_1_242' title='bbox 280 3457 419 3526; x_wconf 70' lang='lat' dir='ltr'><strong>sumac</strong></span> 
     </span>
    </p>
   </div>
   <div class='ocr_carea' id='block_1_3' title="bbox 883 3632 935 3699">
    <p class='ocr_par' dir='ltr' id='par_1_3' title="bbox 883 3632 935 3699">
     <span class='ocr_line' id='line_1_28' title="bbox 883 3632 935 3699; baseline -0.038 0"><span class='ocrx_word' id='word_1_243' title='bbox 883 3632 935 3699; x_wconf 82' lang='lat'><strong>62.</strong></span> 
     </span>
    </p>
   </div>
   <div class='ocr_carea' id='block_1_4' title="bbox 278 3759 1531 4424">
    <p class='ocr_par' dir='ltr' id='par_1_4' title="bbox 278 3759 1531 4424">
     <span class='ocr_line' id='line_1_29' title="bbox 371 3759 1531 3850; baseline 0.002 -22"><span class='ocrx_word' id='word_1_244' title='bbox 371 3759 639 3830; x_wconf 81' lang='lat' dir='ltr'><strong>Snitansibus.</strong></span> <span class='ocrx_word' id='word_1_245' title='bbox 646 3761 671 3849; x_wconf 78' lang='grc'><strong>1)</strong></span> <span class='ocrx_word' id='word_1_246' title='bbox 698 3765 736 3830; x_wconf 93' lang='lat' dir='ltr'><strong>In</strong></span> <span class='ocrx_word' id='word_1_247' title='bbox 751 3782 811 3849; x_wconf 88' lang='lat' dir='ltr'><strong>qua</strong></span> <span class='ocrx_word' id='word_1_248' title='bbox 829 3764 919 3831; x_wconf 86' lang='lat' dir='ltr'><strong>laude</strong></span> <span class='ocrx_word' id='word_1_249' title='bbox 932 3765 1092 3850; x_wconf 89' lang='lat' dir='ltr'><strong>praecipue</strong></span> <span class='ocrx_word' id='word_1_250' title='bbox 1106 3764 1191 3831; x_wconf 90' lang='lat' dir='ltr'><strong>vobis</strong></span> <span class='ocrx_word' id='word_1_251' title='bbox 1206 3763 1311 3832; x_wconf 88' lang='lat' dir='ltr'><strong>dilecti</strong></span> <span class='ocrx_word' id='word_1_252' title='bbox 1325 3765 1383 3832; x_wconf 87' lang='lat' dir='ltr'><strong>lilii</strong></span> <span class='ocrx_word' id='word_1_253' title='bbox 1397 3765 1531 3832; x_wconf 86' lang='lat' dir='ltr'><strong>multum</strong></span> 
     </span>
     <span class='ocr_line' id='line_1_30' title="bbox 278 3876 1529 3966; baseline 0.002 -22"><span class='ocrx_word' id='word_1_254' title='bbox 278 3876 453 3956; x_wconf 81' lang='lat' dir='ltr'><strong>tribuimus,</strong></span> <span class='ocrx_word' id='word_1_255' title='bbox 475 3878 530 3963; x_wconf 83' lang='lat' dir='ltr'><strong>qni</strong></span> <span class='ocrx_word' id='word_1_256' title='bbox 543 3878 629 3944; x_wconf 88' lang='lat' dir='ltr'><strong>illius</strong></span> <span class='ocrx_word' id='word_1_257' title='bbox 644 3897 774 3964; x_wconf 82' lang='lat' dir='ltr'><strong>magnae</strong></span> <span class='ocrx_word' id='word_1_258' title='bbox 788 3880 870 3965; x_wconf 81' lang='lat' dir='ltr'><strong>ligae</strong></span> <span class='ocrx_word' id='word_1_259' title='bbox 892 3883 984 3964; x_wconf 86' lang='lat' dir='ltr'><strong>caput</strong></span> <span class='ocrx_word' id='word_1_260' title='bbox 998 3883 1030 3948; x_wconf 87' lang='lat' dir='ltr'><strong>et</strong></span> <span class='ocrx_word' id='word_1_261' title='bbox 1052 3880 1137 3966; x_wconf 85' lang='lat' dir='ltr'><strong>origo</strong></span> <span class='ocrx_word' id='word_1_262' title='bbox 1155 3882 1221 3946; x_wconf 86' lang='lat' dir='ltr'><strong>tam</strong></span> <span class='ocrx_word' id='word_1_263' title='bbox 1237 3882 1388 3948; x_wconf 88' lang='lat' dir='ltr'><strong>vetustate</strong></span> <span class='ocrx_word' id='word_1_264' title='bbox 1403 3881 1529 3948; x_wconf 85' lang='lat' dir='ltr'><strong>coeteris</strong></span> 
     </span>
     <span class='ocr_line' id='line_1_31' title="bbox 278 3993 1526 4079; baseline 0.002 -19"><span class='ocrx_word' id='word_1_265' title='bbox 278 3994 459 4079; x_wconf 87' lang='lat' dir='ltr'><strong>praecellere</strong></span> <span class='ocrx_word' id='word_1_266' title='bbox 487 4013 580 4079; x_wconf 87' lang='lat' dir='ltr'><strong>quam</strong></span> <span class='ocrx_word' id='word_1_267' title='bbox 601 3994 636 4060; x_wconf 92' lang='lat' dir='ltr'><strong>in</strong></span> <span class='ocrx_word' id='word_1_268' title='bbox 657 3994 742 4061; x_wconf 92' lang='lat' dir='ltr'><strong>omni</strong></span> <span class='ocrx_word' id='word_1_269' title='bbox 769 3994 883 4061; x_wconf 78' lang='lat' dir='ltr'><strong>virtute</strong></span> <span class='ocrx_word' id='word_1_270' title='bbox 904 3997 936 4062; x_wconf 92' lang='lat' dir='ltr'><strong>et</strong></span> <span class='ocrx_word' id='word_1_271' title='bbox 957 3997 991 4062; x_wconf 87' lang='lat' dir='ltr'><strong>in</strong></span> <span class='ocrx_word' id='word_1_272' title='bbox 1012 3997 1092 4063; x_wconf 91' lang='lat' dir='ltr'><strong>hanc</strong></span> <span class='ocrx_word' id='word_1_273' title='bbox 1121 3993 1266 4076; x_wconf 75' lang='lat' dir='ltr'><strong>Sanotm</strong></span> <span class='ocrx_word' id='word_1_274' title='bbox 1290 3994 1399 4065; x_wconf 79' lang='lat' dir='ltr'><strong>Seiam</strong></span> <span class='ocrx_word' id='word_1_275' title='bbox 1422 3998 1526 4063; x_wconf 90' lang='lat' dir='ltr'><strong>obser-</strong></span> 
     </span>
     <span class='ocr_line' id='line_1_32' title="bbox 279 4107 1530 4198; baseline 0.005 -24"><span class='ocrx_word' id='word_1_276' title='bbox 279 4107 384 4174; x_wconf 78' lang='lat' dir='ltr'><strong>vanbs</strong></span> <span class='ocrx_word' id='word_1_277' title='bbox 406 4107 440 4173; x_wconf 93' lang='lat' dir='ltr'><strong>in</strong></span> <span class='ocrx_word' id='word_1_278' title='bbox 461 4127 655 4177; x_wconf 88' lang='lat' dir='ltr'><strong>communem</strong></span> <span class='ocrx_word' id='word_1_279' title='bbox 683 4109 919 4178; x_wconf 89' lang='lat' dir='ltr'><strong>christianorum</strong></span> <span class='ocrx_word' id='word_1_280' title='bbox 941 4131 1047 4196; x_wconf 84' lang='lat' dir='ltr'><strong>pacem</strong></span> <span class='ocrx_word' id='word_1_281' title='bbox 1077 4111 1193 4191; x_wconf 81' lang='lat' dir='ltr'><strong>studio,</strong></span> <span class='ocrx_word' id='word_1_282' title='bbox 1222 4113 1369 4196; x_wconf 85' lang='lat' dir='ltr'><strong>peculiari</strong></span> <span class='ocrx_word' id='word_1_283' title='bbox 1397 4112 1530 4198; x_wconf 82' lang='lat' dir='ltr'><strong>quadam</strong></span> 
     </span>
     <span class='ocr_line' id='line_1_33' title="bbox 279 4226 1528 4314; baseline 0.006 -24"><span class='ocrx_word' id='word_1_284' title='bbox 279 4241 353 4309; x_wconf 80' lang='lat' dir='ltr'><strong>erga</strong></span> <span class='ocrx_word' id='word_1_285' title='bbox 374 4241 536 4308; x_wconf 86' lang='lat' dir='ltr'><strong>personam</strong></span> <span class='ocrx_word' id='word_1_286' title='bbox 558 4226 696 4292; x_wconf 73' lang='lat' dir='ltr'><strong>socnam</strong></span> <span class='ocrx_word' id='word_1_287' title='bbox 718 4227 874 4294; x_wconf 86' lang='lat' dir='ltr'><strong>voluntate</strong></span> <span class='ocrx_word' id='word_1_288' title='bbox 897 4247 916 4294; x_wconf 91' lang='lat' dir='ltr'><strong>a</strong></span> <span class='ocrx_word' id='word_1_289' title='bbox 937 4227 1059 4296; x_wconf 77' lang='lat' dir='ltr'><strong>nemim</strong></span> <span class='ocrx_word' id='word_1_290' title='bbox 1087 4227 1170 4294; x_wconf 86' lang='lat' dir='ltr'><strong>vinci</strong></span> <span class='ocrx_word' id='word_1_291' title='bbox 1191 4229 1223 4294; x_wconf 90' lang='lat' dir='ltr'><strong>et</strong></span> <span class='ocrx_word' id='word_1_292' title='bbox 1245 4229 1381 4314; x_wconf 85' lang='lat' dir='ltr'><strong>superari</strong></span> <span class='ocrx_word' id='word_1_293' title='bbox 1402 4231 1528 4297; x_wconf 84' lang='lat' dir='ltr'><strong>conten-</strong></span> 
     </span>
     <span class='ocr_line' id='line_1_34' title="bbox 280 4337 833 4424; baseline 0.009 -20"><span class='ocrx_word' id='word_1_294' title='bbox 280 4337 371 4414; x_wconf 85' lang='lat' dir='ltr'><strong>‹litis;</strong></span> <span class='ocrx_word' id='word_1_295' title='bbox 393 4337 448 4423; x_wconf 88' lang='lat' dir='ltr'><strong>qni</strong></span> <span class='ocrx_word' id='word_1_296' title='bbox 469 4358 588 4424; x_wconf 90' lang='lat' dir='ltr'><strong>semper</strong></span> <span class='ocrx_word' id='word_1_297' title='bbox 610 4340 755 4408; x_wconf 88' lang='lat' dir='ltr'><strong>honorem</strong></span> <span class='ocrx_word' id='word_1_298' title='bbox 776 4344 833 4408; x_wconf 88' lang='lat' dir='ltr'><strong>eto.</strong></span> 
     </span>
    </p>
   </div>
   <div class='ocr_carea' id='block_1_5' title="bbox 375 4517 1138 4587">
    <p class='ocr_par' dir='ltr' id='par_1_5' title="bbox 375 4517 1138 4587">
     <span class='ocr_line' id='line_1_35' title="bbox 375 4517 1138 4587; baseline 0.007 -18"><span class='ocrx_word' id='word_1_299' title='bbox 375 4517 391 4578; x_wconf 79' lang='lat' dir='ltr'><strong>&#39;l</strong></span> <span class='ocrx_word' id='word_1_300' title='bbox 409 4519 472 4570; x_wconf 76' lang='lat' dir='ltr'><strong>Haec</strong></span> <span class='ocrx_word' id='word_1_301' title='bbox 489 4521 572 4570; x_wconf 75' lang='lat' dir='ltr'><strong>addita</strong></span> <span class='ocrx_word' id='word_1_302' title='bbox 589 4525 646 4571; x_wconf 84' lang='lat' dir='ltr'><strong>sunt</strong></span> <span class='ocrx_word' id='word_1_303' title='bbox 663 4523 688 4570; x_wconf 88' lang='lat' dir='ltr'><strong>in</strong></span> <span class='ocrx_word' id='word_1_304' title='bbox 705 4523 792 4573; x_wconf 71' lang='lat' dir='ltr'><strong>littaris</strong></span> <span class='ocrx_word' id='word_1_305' title='bbox 810 4524 909 4582; x_wconf 69' lang='lat' dir='ltr'><strong>elnrulis</strong></span> <span class='ocrx_word' id='word_1_306' title='bbox 926 4527 993 4585; x_wconf 66' lang='lat' dir='ltr'><strong>paulo</strong></span> <span class='ocrx_word' id='word_1_307' title='bbox 1010 4523 1138 4587; x_wconf 78' lang='lat' dir='ltr'><strong>inscriptis.</strong></span> 
     </span>
    </p>
   </div>
   <div class='ocr_carea' id='block_1_6' title="bbox 0 0 1704 5088">
    <p class='ocr_par' dir='ltr' id='par_1_6' title="bbox 0 0 1704 5088">
     <span class='ocr_line' id='line_1_36' title="bbox 0 0 1704 5088; baseline 0 0"><span class='ocrx_word' id='word_1_308' title='bbox 0 0 1704 5088; x_wconf 95' lang='lat' dir='ltr'><strong> </strong></span> 
     </span>
    </p>
   </div>
  </div>
 </body>
</html>
