3380 5088
694 295 848 377 -303
893 332 938 356 -u

189 494 325 573 motibus
348 497 390 572 alt
412 499 588 574 hominibus
617 503 670 590 qui
698 503 766 589 paci
787 504 820 571 et
841 503 905 571 ocio
929 503 1062 585 student
1091 521 1246 589 uunquam
1276 492 1440 590 quicquam

190 623 263 690 boui
286 621 511 707 suspicandum.
556 623 618 688 Res
641 623 745 688 tamen
760 621 966 687 Bononienses
988 639 1023 686 aa
1046 621 1119 686 sunt
1140 619 1311 687 conditione
1332 623 1368 688 nt
1390 622 1440 688 lris

190 739 377 823 temporibus
400 757 438 805 ne
453 737 570 823 aliquid
584 737 761 804 detrimenti
782 737 905 820 capiant
927 735 1061 802 murima
1076 735 1248 803 adhibenda
1270 737 1370 804 cantio
1390 737 1439 803 sit.

191 853 274 921 Nam
295 854 404 940 quanti
425 854 536 921 referat
550 854 604 938 qui
625 872 739 940 magna
754 852 857 919 moliri
879 853 974 919 armis
996 852 1030 918 in
1045 851 1137 918 Italia
1159 852 1242 932 velit
1264 871 1335 919 enm
1348 853 1441 918 buius

191 969 326 1036 civitatis
348 969 497 1037 ditionem
519 969 619 1054 potiri,
641 971 674 1036 et
693 969 898 1054 superioribus
921 969 952 1035 et
974 968 1088 1034 nostris
1111 969 1299 1053 temporibus
1322 968 1441 1036 abunde

191 1085 290 1152 edocti
313 1084 541 1170 sumusidque
564 1103 589 1150 s.
612 1105 638 1152 v.
662 1085 749 1152 cuius
772 1103 877 1152 omncs
900 1084 1082 1169 sapientiem
1112 1083 1308 1164 admiramur,
1330 1085 1441 1151 melius

192 1220 285 1286 quam
307 1202 396 1268 nobis
417 1203 526 1268 nobnn
547 1219 614 1268 esse
636 1201 763 1285 oportet.
796 1198 884 1268 Hunc
906 1200 944 1266 ob
966 1219 1031 1266 rem
1053 1219 1092 1267 ne
1107 1199 1206 1267 officio
1228 1200 1333 1267 deesse
1355 1201 1440 1267 ride-

192 1335 294 1383 remur
316 1316 414 1384 eidem
438 1315 673 1402 significandum
703 1335 770 1383 esse
793 1315 934 1383 duximus
961 1315 1117 1382 civitatem
1147 1315 1226 1382 hunc
1249 1335 1336 1382 suam
1359 1316 1443 1384 nullo

192 1433 301 1514 milite,
323 1432 408 1500 nullo
430 1451 548 1518 qnoque
569 1431 701 1517 presidio
715 1434 816 1516 preter
838 1431 979 1515 exiguam
993 1430 1213 1497 ordinariomm
1229 1449 1355 1498 manum
1371 1452 1442 1500 mu·

193 1549 293 1614 nitam
315 1567 390 1628 esse,
412 1548 457 1614 itu
479 1549 515 1614 ιιι
537 1548 565 1615 si
587 1547 656 1632 quie
679 1547 807 1615 nocendi
828 1546 917 1614 nobis
946 1546 980 1612 in
1003 1546 1141 1614 animum
1169 1547 1325 1614 induceret
1354 1567 1443 1615 suum

194 1664 227 1730 in
248 1663 282 1730 id
303 1663 435 1748 profecto
457 1663 644 1730 occasionem
674 1661 796 1729 facilem
818 1662 983 1729 admodum
1012 1663 1044 1728 et
1065 1663 1205 1746 paratam
1233 1663 1354 1744 habent
1383 1663 1445 1730 nisi

195 1799 368 1865 usuque
390 1779 571 1846 auctoritate
592 1797 645 1864 pua
660 1779 778 1845 cunctis
801 1779 892 1864 atque
915 1777 1023 1862 opibus
1046 1777 1142 1862 pollet
1162 1778 1235 1844 istis
1249 1779 1442 1846 imminenti·

195 1895 252 1963 bus
274 1895 418 1980 periculis
441 1894 564 1962 obviam
585 1897 680 1961 eatur.
718 1894 858 1961 Petimus
880 1894 984 1979 itaque
1005 1893 1203 1960 asanctitate
1219 1914 1245 1960 ι.
1262 1897 1353 1980 atque
1374 1913 1442 1962 om·

195 2011 286 2078 nibus
308 2010 389 2078 rotis
412 2011 607 2078 obsocramus
629 2010 772 2076 utnulla
793 2028 880 2076 mora
902 2009 1024 2075 centum
1040 2007 1144 2094 grauis
1160 2009 1346 2095 totidemque
1368 2009 1445 2076 leuis

194 2129 347 2193 armatura
369 2125 487 2211 equites
509 2127 568 2192 bno
591 2125 729 2192 accedere
750 2125 864 2205 iubeat
892 2123 1001 2210 quiin
1022 2124 1154 2209 prasidio
1175 2125 1267 2191 buius
1291 2145 1343 2192 sue
1366 2125 1443 2192 civi·

195 2243 269 2308 tatis
292 2242 459 2309 consistere
479 2241 618 2308 debeam
664 2240 722 2307 His
744 2241 827 2308 anim
850 2240 1003 2307 militibus
1025 2241 1092 2307 tum
1115 2241 1209 2308 etiam
1232 2241 1444 2327 qualicumque

195 2360 299 2425 nostra
320 2375 377 2442 ope
399 2357 452 2442 qui
473 2376 527 2442 pro
550 2357 634 2423 statu
657 2377 680 2423 s.
697 2376 724 2424 ι.
746 2357 782 2422 ιιι
803 2376 938 2441 unquam
961 2357 1051 2423 antea
1072 2356 1185 2423 tuendo
1208 2357 1304 2424 uitam
1327 2377 1444 2443 quoque

195 2474 227 2538 et
248 2472 430 2558 sangninem
452 2472 631 2557 prolimdere
646 2472 746 2556 parati
762 2491 877 2552 sumus,
900 2472 977 2538 satis
999 2473 1031 2538 et
1053 2475 1155 2539 nostre
1178 2474 1208 2538 et
1224 2473 1323 2539 status
1344 2473 1444 2559 ipsius

195 2589 289 2655 saluti
310 2587 442 2673 prospici
464 2607 552 2673 posse
574 2589 726 2672 putamus.
764 2585 857 2654 Cuius
873 2587 1084 2672 suppedibus
1106 2588 1280 2656 humillime
1294 2593 1443 2675 quantum

195 2723 357 2788 possumus
380 2702 637 2770 commendamus.
681 2704 837 2771 Bononiae
859 2703 908 2770 die
930 2723 995 2770 nu.
1020 2703 1160 2770 Octobris
1183 2703 1314 2772 mdxxiu

598 2818 705 2885 Dor.mi
723 2818 782 2884 lilii
804 2836 840 2884 ac
862 2819 973 2885 fidel.mi
994 2826 1113 2886 sarsore!
1136 2816 1354 2905 Quadraginta.

785 3080 860 3148 229.

569 3243 721 3306 Carolus
742 3246 784 3306 v.
805 3243 978 3305 Clementi
999 3244 1073 3306 vn.

643 3353 730 3440 (litt
745 3354 839 3438 princ
857 3355 898 3421 ll
914 3352 1004 3440 823).

683 3470 749 3557 (31.
766 3469 832 3537 Oct
850 3468 959 3555 1524).

287 3629 360 3698 Nisi
379 3630 448 3716 ipsa
470 3650 498 3698 ι.
521 3619 657 3697 anobis
678 3630 769 3715 longe
791 3629 903 3697 melius
931 3633 1125 3715 cognosceret
1146 3651 1237 3718 reque
1264 3633 1334 3719 ipsa
1355 3635 1447 3703 toties

199 3745 384 3813 ostendisset
412 3765 504 3831 quam
533 3765 642 3831 parum
663 3746 696 3812 et
717 3746 900 3830 apostelicae
922 3743 994 3812 Sodi
1022 3749 1054 3814 et
1082 3747 1241 3816 universae
1263 3749 1372 3817 Italiae
1393 3769 1447 3818 ex·

199 3863 303 3947 pcdiat
317 3861 476 3930 Gallomm
499 3861 690 3930 dominatum
704 3861 786 3928 intra
803 3861 887 3946 ipsos
902 3861 1012 3929 ltaliae
1034 3863 1111 3929 fines
1127 3863 1285 3946 sustinere,
1307 3865 1447 3950 pluribus

199 3997 270 4045 cum
292 3997 316 4044 s.
332 3998 359 4046 ι.
374 3977 408 4044 in
428 3978 507 4046 banc
530 3977 713 4044 sententium
728 3977 829 4044 verbis
851 3995 1019 4063 agereums
1058 3977 1193 4059 Quorum
1215 3979 1338 4065 quidem
1360 3983 1448 4048 tanta

199 4094 365 4180 pervicatia
386 4097 442 4176 est,
464 4095 500 4160 ut
521 4093 647 4160 tametsi
673 4093 765 4160 toties
787 4093 877 4160 baeti
899 4093 978 4160 nihil
1000 4095 1103 4180 magis
1125 4097 1265 4181 appetere
1288 4096 1448 4164 rideantur

198 4229 292 4296 quam
314 4229 391 4277 novo
405 4209 536 4295 quodam
558 4208 658 4276 furore
673 4227 791 4294 semper
805 4209 839 4274 in
860 4210 949 4276 illam
963 4210 1044 4291 ferri,
1066 4215 1268 4297 occupatoque
1288 4212 1448 4279 Insubrios

199 4327 372 4412 principatu
394 4345 448 4392 ceu
470 4345 506 4393 ex
529 4325 687 4392 tutissime
710 4327 742 4391 et
763 4325 897 4392 maxime
919 4328 1088 4411 opportuna
1110 4345 1177 4394 arca
1200 4330 1334 4394 mataras
1355 4327 1448 4393 istius

200 4443 410 4511 nobilissimae
432 4443 464 4510 at
485 4441 598 4528 alioqui
629 4441 844 4528 pacatissimae
866 4441 1037 4529 provinciac
1060 4445 1162 4529 partes
1190 4462 1344 4512 excurrere
1366 4443 1447 4512 asai-
