3380 5088
677 325 921 404 2291..

260 521 378 599 Tantas
399 525 482 600 enim
503 531 552 600 est
574 533 644 600 tuae
667 532 841 600 sanctitatis
863 529 1077 600 beneficiorum
1099 547 1172 618 ergo
1194 550 1249 602 nos
1272 527 1421 614 oumnlm,

172 649 349 716 beatissime
371 650 465 734 pater,
488 651 524 715 ut
538 649 634 715 vitam
650 651 787 716 nostram
804 649 889 735 (quia
911 648 951 714 iis
966 650 1145 733 respondere
1166 670 1227 716 non
1244 649 1420 736 possumus)

172 765 311 832 acerbam
333 783 401 833 esse
422 766 573 849 putemus.

260 881 400 947 Primum
431 899 563 964 namque
593 881 752 949 sanctitati
780 880 1049 948 reverendissimae
1078 881 1200 948 obnoxii
1230 881 1422 967 devinctique

171 996 365 1063 vehementer
387 995 549 1074 reddimur,
573 997 679 1062 stabili
701 997 849 1082 firmaque
872 999 1045 1063 nostrorum
1068 996 1297 1081 privilegiorum
1319 1015 1420 1062 corro-

172 1112 326 1179 boratione
342 1113 374 1178 et
388 1111 623 1178 confirmatione.
654 1108 892 1191 Quamombrem
915 1112 974 1178 tibi
989 1112 1183 1178 sanctissime
1204 1114 1292 1196 pater
1306 1113 1422 1196 gratias

171 1227 373 1294 immortaleis
397 1227 575 1313 suppliciter
597 1228 728 1313 agimus.

260 1345 318 1410 Est
345 1343 501 1429 praeterea
532 1343 611 1412 unde
640 1346 711 1411 tuus
743 1344 953 1412 comitatensis
983 1344 1084 1411 fidelis
1115 1344 1244 1428 populus
1273 1362 1334 1410 nno
1363 1363 1422 1424 ore,

172 1460 315 1545 nulloque
338 1459 518 1545 refragante,
541 1461 685 1544 perpetuo
708 1462 739 1526 te
754 1461 844 1536 amet
867 1461 956 1540 colat,
980 1461 1137 1528 veneretur
1152 1460 1314 1544 ederetque
1336 1479 1370 1526 ac
1388 1460 1422 1526 in

172 1574 272 1641 medio
301 1574 380 1641 illud
401 1575 538 1641 Maronis
566 1575 676 1642 merito
699 1575 818 1641 afferat:
859 1574 1021 1659 ,Namque
1043 1575 1101 1641 erit
1122 1574 1176 1642 ille
1198 1575 1277 1640 mihi
1303 1594 1423 1658 semper

172 1691 285 1758 Dens‘
325 1689 412 1772 Quod
428 1691 545 1758 scilicet
566 1690 754 1776 dignationis
777 1692 847 1757 tuae
863 1690 1155 1776 synceritasminus
1179 1693 1227 1757 eet
1249 1690 1422 1775 dedignata,

173 1825 275 1874 amore
297 1807 362 1874 eins
391 1807 477 1873 cuius
499 1807 645 1874 moenam
667 1807 700 1873 in
722 1806 812 1874 terris
841 1825 964 1891 operam
991 1807 1100 1873 merito
1128 1808 1217 1892 gerit,
1239 1807 1423 1892 pauperibus

172 1923 458 2008 miserabilibnsque
473 1921 665 2000 Christianis,
687 1922 811 2006 perfidis
825 1921 933 1989 Judeis
949 1923 1086 1989 obnoxiis
1101 1942 1229 2007 quorum
1244 1941 1358 2007 magna
1375 1923 1424 1989 est

173 2037 347 2116 multitudo,
370 2056 431 2105 non
453 2039 501 2104 est
515 2037 641 2122 inquam
665 2037 837 2122 dedignata,
860 2038 1115 2124 auctoritateque
1137 2040 1220 2106 valet
1242 2039 1374 2124 benigne
1391 2040 1423 2105 et

172 2154 222 2238 pie
237 2154 397 2221 concedere
420 2154 554 2238 spatium
570 2171 718 2220 annornm
733 2152 874 2239 quinque,
897 2153 977 2238 quod
992 2155 1123 2222 lustrum
1140 2157 1249 2222 vocant
1266 2154 1305 2221 ad
1319 2154 1423 2220 debita

173 2270 235 2338 odii
257 2271 360 2356 qualia
387 2269 593 2354 persolvenda.
640 2265 761 2348 Quare
789 2269 946 2336 intellecta
974 2271 1079 2336 tantus
1109 2270 1168 2336 luit
1196 2270 1295 2354 primo
1323 2270 1422 2355 plebis

172 2371 242 2454 tuae
264 2386 378 2452 inbilus
400 2387 488 2451 tanta
516 2384 636 2451 laetitia
658 2403 693 2450 ac
715 2383 863 2469 gandium
886 2386 986 2452 subito
1016 2387 1164 2464 obortum,
1187 2387 1222 2452 ut
1244 2385 1344 2452 maius
1367 2405 1420 2452 ex·

172 2501 300 2588 cogitari
322 2500 450 2567 minime
472 2501 579 2584 possit.
619 2499 735 2566 Verum
757 2519 828 2566 cnm
849 2499 904 2565 isti
926 2499 1155 2566 damnatissimi
1176 2501 1208 2567 et
1231 2499 1422 2586 spurcissimi

98 2607 105 2618 ’
171 2637 290 2684 vermes
312 2616 453 2683 lectitent
475 2635 510 2681 ac
533 2615 649 2700 passim
671 2616 841 2700 glorientur
870 2617 992 2700 magnis
1015 2615 1184 2682 fautoribus
1214 2635 1343 2700 quorum
1365 2634 1420 2700 ope

170 2733 344 2800 innituntur
365 2731 454 2799 facile
476 2750 565 2816 posse
587 2750 663 2816 quae
686 2732 758 2797 sunt
773 2733 861 2816 gesta
882 2731 1018 2816 infringi,
1040 2750 1168 2816 cumque
1190 2730 1325 2798 nondum
1348 2751 1419 2814 pro·

171 2848 287 2915 visione
303 2847 352 2936 (ut
367 2848 411 2914 sic
425 2843 597 2932 loquamur)
614 2846 728 2927 habita,
743 2845 894 2912 debitores
909 2845 1070 2913 christiani
1085 2846 1218 2913 nominis
1233 2846 1319 2930 peius
1334 2865 1419 2912 acer·

172 2965 299 3050 binsqne
327 2963 362 3030 in
390 2963 455 3031 dies
478 2963 517 3029 ab
545 2962 617 3028 istis
645 2961 773 3047 perditis
802 2961 928 3028 canibus
958 2963 1100 3028 atrociter
1128 2963 1231 3029 omnia
1260 2981 1314 3028 sno
1336 2981 1421 3029 more

169 3080 346 3148 vorantibus
367 3081 520 3158 vexentur,

259 3197 376 3265 Itemm
397 3195 475 3280 ipsis
496 3193 680 3262 miserandis
694 3193 880 3261 iudaeorum
902 3193 1099 3274 debitoribus,
1120 3213 1248 3278 quorum
1271 3195 1306 3260 ut
1329 3213 1420 3280 supra

169 3310 311 3392 dirimas,
325 3330 387 3379 non
401 3331 513 3397 parvus
536 3311 583 3377 ost
597 3329 751 3391 numeros,
772 3311 878 3376 tantus
892 3312 941 3377 cst
961 3310 1092 3377 iniectus
1114 3312 1211 3378 terror
1231 3312 1267 3376 ut
1287 3312 1419 3378 mortem

171 3426 338 3495 conditioni
352 3425 474 3494 vivendi
497 3425 556 3513 (sic
570 3426 654 3492 Dens
669 3444 724 3492 nos
740 3423 836 3511 amet)
853 3425 942 3492 facile
964 3443 1069 3492 omnes
1084 3428 1259 3511 proponant
1283 3424 1419 3507 Quorum

170 3561 242 3628 pars
265 3544 322 3610 sub
344 3543 443 3610 cresto
472 3542 654 3620 detinentur,
684 3541 739 3608 alii
758 3541 793 3608 in
821 3560 971 3608 carcerom
992 3541 1086 3626 impie
1114 3542 1285 3622 trahuntur,
1307 3545 1419 3627 tanqua

171 3659 348 3726 immaniter
375 3659 546 3725 tractantur
567 3659 604 3724 ut
623 3657 730 3738 Turca,
753 3657 865 3725 nedum
887 3657 1082 3738 christianus,
1104 3658 1287 3725 conditionis
1309 3659 1419 3724 talium

171 3773 253 3840 hand
275 3773 366 3841 dubie
387 3774 589 3842 misereretur.

260 3889 392 3957 Oramus
414 3889 517 3975 itaque
539 3890 792 3974 obsecramusque
814 3889 1041 3975 pientissimam
1063 3891 1134 3958 tuae
1157 3889 1331 3956 sanctitatis
1354 3891 1418 3957 clo·

171 4007 319 4074 mendam
341 4027 379 4074 ne
401 4007 435 4074 in
456 4008 514 4073 hac
529 4027 561 4072 re
583 4007 671 4073 nobie
693 4025 837 4092 unquam,
859 4026 877 4074 o
899 4005 1077 4073 beatissime
1097 4008 1192 4091 pater,
1216 4005 1320 4072 deesse
1334 4007 1420 4087 velis,

170 4128 301 4208 atquae
323 4124 485 4190 sanctitate
507 4122 620 4189 decreti
642 4124 729 4190 nobis
753 4125 826 4189 sunt
846 4141 988 4190 concessa
1009 4122 1227 4188 inviolabiliter
1255 4125 1419 4204 serventur,

171 4259 225 4307 nec
248 4241 316 4326 plus
338 4239 437 4324 possit
464 4239 648 4323 perfidorum
676 4239 822 4306 mannate
852 4239 1007 4306 subversio
1030 4241 1061 4305 et
1083 4238 1296 4322 tergiversatio
1325 4257 1418 4322 quam

169 4358 320 4424 iustorum
342 4355 481 4434 humilis,
503 4354 628 4440 supplex
651 4375 686 4422 ac
708 4355 817 4422 devota
838 4354 1004 4439 requisitio.

257 4473 416 4540 Postremo
438 4489 476 4540 ne
498 4471 562 4552 illa,
576 4471 687 4559 quibus
702 4471 796 4538 etiam
811 4471 946 4558 graviter
960 4470 1136 4556 affligimur,
1160 4471 1281 4538 silentio
1296 4470 1419 4539 omnino

1202 4577 1259 4646 ro*
