3346 5084
665 401 910 470 -465-

250 600 330 667 Item
360 600 446 686 ponit
468 601 500 668 et
522 599 649 686 probare
678 599 812 666 intendit
834 599 913 684 quod
942 599 1084 666 omnibus
1113 595 1145 666 et
1173 598 1412 687 quibuscumque

162 717 321 802 scripturis
350 716 551 783 munImentis
581 715 750 802 privilegiis
781 716 875 782 baille
903 715 1011 796 liberis,
1040 718 1072 783 et
1100 717 1339 802 quibuscumque
1360 719 1410 783 iu-

162 834 342 900 strumentis
371 835 402 898 et
428 833 499 898 aliis
521 831 609 898 libris
638 832 671 898 in
698 832 778 899 dicto
806 831 940 898 archivio
970 832 1186 914 existentibus,
1216 834 1247 898 at
1269 834 1302 899 iu
1330 833 1412 899 dicto

162 949 296 1016 archivio
319 949 455 1034 repertis
477 967 513 1014 ac
528 967 562 1015 ex
586 967 621 1015 eo
635 948 778 1014 extractis
801 949 891 1032 plena
913 949 945 1013 et
966 947 1138 1014 indubitata
1160 948 1236 1014 fides
1251 948 1414 1015 adhibetur

123 1151 127 1160 ⁵
161 1067 193 1131 et
216 1083 334 1149 semper
356 1064 495 1130 adhibita
525 1064 583 1130 luit
605 1064 637 1129 et
659 1065 706 1131 est
728 1064 762 1129 in
784 1063 866 1128 dicta
889 1063 1013 1129 civibate
1036 1065 1268 1131 Ravennatense
1291 1065 1324 1130 in
1347 1065 1411 1130 Ro-

163 1199 255 1246 mana
277 1180 368 1261 curia,
391 1182 423 1247 et
444 1180 515 1246 aliis
529 1179 605 1246 loeis
628 1180 660 1244 in
683 1179 794 1263 quibus
809 1179 961 1263 oonbngit
983 1196 1034 1244 eos
1057 1181 1225 1262 presentari
1248 1181 1280 1245 et
1297 1179 1414 1260 deduci,

163 1298 195 1363 et
218 1297 262 1365 sic
284 1296 344 1363 fuit
366 1297 397 1363 et
419 1298 467 1362 ost
481 1315 586 1362 verum
602 1295 704 1380 palam
727 1295 855 1379 publice,
877 1296 909 1361 et
922 1295 1018 1361 testes
1041 1295 1094 1378 qui
1115 1295 1244 1378 desuper
1258 1295 1414 1363 examina-

164 1412 278 1477 buntur
299 1411 374 1478 haec
395 1411 498 1477 omnia
522 1410 630 1491 sciunt
653 1411 685 1477 et
708 1411 752 1476 sie
774 1410 840 1477 fieri
862 1411 894 1476 et
915 1429 982 1476 esse
1006 1410 1157 1493 viderunt.¹

253 1528 333 1593 Item
363 1527 443 1612 quod
471 1526 662 1593 munimenta
692 1527 793 1592 bullae
823 1525 984 1610 privilogda
1013 1541 1048 1591 ao
1077 1527 1243 1610 scripturae
1270 1547 1305 1595 ex
1335 1527 1416 1593 dioto

165 1643 298 1710 archivio
314 1661 368 1728 pro
384 1661 474 1708 causa
489 1641 666 1709 huiusmodi
680 1642 888 1722 extrahuntur,
912 1643 992 1721 sunt,
1015 1641 1137 1708 bremnt
1154 1645 1272 1727 repertu
1287 1643 1319 1708 iu
1335 1642 1416 1708 dieto
1479 1731 1481 1733 ,

166 1758 300 1826 archivio
323 1760 355 1824 et
376 1759 410 1824 in
425 1777 459 1824 eo
482 1757 616 1824 archivio
639 1777 733 1842 usque
756 1757 795 1823 ad
810 1759 983 1843 presentem
1005 1757 1087 1824 diem
1110 1777 1229 1842 semper
1251 1758 1417 1826 extiterunt

166 1875 198 1941 et
219 1875 335 1942 eisdem
364 1874 457 1941 fidem
485 1873 692 1940 indubItatam
715 1873 853 1940 adhiberi
882 1874 990 1940 debore
1013 1875 1102 1958 prout
1131 1893 1250 1958 semper
1278 1875 1418 1941 adhibita

166 1990 234 2069 tuit
257 1991 289 2055 et
310 1991 405 2056 testes
429 1990 556 2074 desuper
585 1989 793 2056 examinantes
823 2007 859 2055 eo
882 1989 1073 2056 munimenta
1102 1989 1262 2075 privilegia
1285 1992 1316 2057 et
1339 1992 1415 2056 scri-
1461 2060 1466 2067 ,

167 2107 273 2189 pturas
296 2104 473 2171 huiusmodi
495 2108 717 2190 recognoscent
740 2107 772 2171 et
787 2104 891 2189 sigilla
913 2105 1037 2172 etiamsi
1059 2104 1098 2172 ob
1114 2107 1299 2172 vetustatem
1314 2107 1418 2190 elapsa

168 2219 267 2286 forent
295 2219 358 2286 fore
381 2223 413 2286 et
435 2240 501 2288 esse
530 2221 713 2301 authentica,
743 2240 822 2300 vera,
852 2223 883 2286 et
911 2220 1003 2287 fidem
1026 2221 1184 2287 indubiam
1214 2221 1418 2288 adhibendam

168 2335 231 2402 fore
253 2335 339 2401 etin
361 2335 442 2402 dicto
466 2336 597 2403 archivio
621 2337 747 2420 reperta,
771 2337 803 2402 iu
826 2356 884 2420 quo
907 2339 946 2403 ab
971 2337 1188 2404 innumerabili
1210 2340 1346 2423 temporo
1367 2337 1418 2403 in·

169 2453 259 2518 antea
287 2454 463 2518 conservata
497 2452 619 2518 luerunt
647 2453 737 2536 prout
765 2471 942 2519 conservare
971 2453 1081 2520 melius
1116 2455 1279 2537 potuerunt
1317 2454 1420 2537 palam

168 2567 290 2652 publice
312 2568 409 2634 etsie
431 2567 490 2633 fuit
512 2587 625 2634 verum.

258 2685 338 2750 Item
362 2683 441 2768 quod
455 2686 577 2768 propter
591 2683 808 2767 antiquitatem
830 2702 891 2750 non
905 2686 1034 2769 possunt
1046 2669 1115 2752 esse
1130 2683 1175 2750 sic
1189 2685 1224 2750 ut
1239 2683 1421 2763 conveniret,

170 2799 223 2866 'sed
245 2801 350 2867 tamen
372 2800 448 2866 talia
471 2801 543 2866 sunt
565 2801 655 2884 prout
669 2819 704 2866 ex
726 2799 914 2882 inspectione
935 2799 1099 2866 earundem
1114 2801 1216 2884 aperte
1239 2801 1367 2880 constat,
1390 2801 1421 2866 et

170 2935 206 2981 ex
229 2916 380 2982 vetustate
401 2915 483 2999 quod
504 2915 679 2982 omntmodo
700 2914 776 2980 fides
806 2917 853 2980 est
875 2915 1047 2982 adhibenda
1068 2916 1098 2982 et
1121 2915 1260 2982 adhiberi
1288 2915 1422 2995 debetur,

171 3051 242 3097 cum
264 3031 298 3097 in
319 3031 400 3098 dicto
430 3029 564 3097 archivio
587 3049 640 3097 seu
669 3030 827 3115 cartilcgio
851 3049 970 3115 semper
995 3031 1062 3098 visa
1091 3031 1212 3111 fuerint
1243 3033 1274 3097 et
1297 3031 1368 3111 siut
1391 3031 1423 3096 et

172 3148 211 3213 ab
234 3164 270 3212 eo
291 3148 425 3213 extracta
448 3147 550 3230 palam
573 3146 701 3231 publica
724 3147 755 3212 ot
778 3145 822 3212 sic
844 3146 903 3211 fuit
941 3148 956 3212 t
977 3148 1025 3212 eet
1047 3165 1161 3213 vomm.

261 3263 342 3329 Item
364 3262 443 3346 quod
466 3263 616 3347 premissa
638 3263 741 3328 omnia
764 3264 795 3328 et
815 3261 937 3346 singula
960 3261 1082 3329 fuerunt
1103 3263 1191 3328 erant
1213 3264 1245 3329 et
1267 3263 1340 3328 sunt
1354 3281 1425 3329 vera

173 3377 295 3463 publica
317 3379 444 3458 notoria,
467 3378 558 3444 etde
580 3377 624 3445 eis
647 3378 789 3444 omnibus
811 3380 843 3444 et
865 3377 997 3462 singulte
1020 3377 1036 3442 f
1055 3378 1080 3442 't
1102 3378 1133 3444 et
1156 3381 1203 3444 est
1225 3378 1348 3461 publica
1369 3397 1424 3444 vox

174 3495 206 3561 et
228 3495 323 3572 fama3
347 3494 425 3577 petit
447 3493 543 3578 igitur
565 3493 665 3559 dictus
688 3495 862 3578 procurator
883 3493 1006 3559 nomine
1028 3511 1087 3577 quo
1111 3513 1202 3577 supra
1225 3493 1296 3560 ad
1321 3515 1349 3560 n.
1372 3513 1426 3577 per

175 3627 229 3675 vos
252 3609 280 3675 d.
310 3608 442 3676 iudicem
471 3610 702 3693 compulsorem,
730 3611 761 3675 et
783 3627 837 3675 seu
866 3608 1041 3693 delegatum
1071 3610 1242 3676 maiestatis
1272 3628 1428 3677 caesareae

175 3724 422 3792 commissarium
443 3725 619 3791 huiusmodi
633 3727 825 3809 vestramque
840 3724 1076 3792 declarationem
1094 3725 1214 3792 decerni
1236 3728 1266 3792 et
1281 3725 1429 3792 declarari

176 3841 239 3907 fore
262 3843 293 3907 et
316 3859 382 3908 esse
404 3840 613 3907 omnimodam
635 3840 728 3907 fidem
744 3840 957 3921 adhibendam,
979 3843 1011 3907 et
1032 3841 1171 3908 adhiberi
1185 3840 1301 3922 debere,
1324 3843 1356 3908 et
1371 3841 1426 3909 de-

177 3959 293 4024 cretum
317 3958 453 4024 vestrum
483 3957 637 4041 interponi
658 3955 692 4022 in
715 3956 868 4023 similibus
899 3957 1026 4024 solitum
1048 3977 1117 4023 cum
1140 3957 1238 4049 literis
1261 3956 1354 4023 fidem
1379 3957 1426 4022 f-

178 4073 329 4139 cientibus
352 4074 406 4139 etc.
437 4072 590 4157 interponi
620 4093 716 4139 unum
744 4072 879 4140 officium
908 4073 942 4140 in
971 4074 1130 4157 premissus
1159 4072 1349 4158 implorando
1372 4073 1428 4139 etc.

178 4190 263 4255 salvo
285 4189 350 4255 iure
372 4190 428 4256 etc.
451 4190 482 4256 at
504 4190 690 4273 protestatur
712 4189 767 4256 ete.

266 4305 364 4372 Terror
386 4307 488 4372 autem
511 4305 638 4373 testium
661 4305 852 4372 examinatus
875 4306 947 4372 talis
970 4308 1018 4374 est
1040 4309 1075 4374 ut
1096 4307 1177 4374 infra
1199 4307 1325 4375 videtur.

270 4537 395 4606 Eisdem
404 4557 483 4605 anno
492 4537 656 4606 indictione
665 4538 844 4626 pontificatu
854 4538 902 4604 die
911 4539 976 4606 loco
984 4538 1176 4625 infrascripto
1185 4539 1431 4626 postpraudium.

235 4665 337 4713 meaa·
350 4666 458 4704 mmo·
472 4665 519 4706 vu.
1230 4650 1273 4718 30
