3396 5090
764 343 1009 412 ...ppp-

256 541 559 620 mmmunicaturum
581 541 615 607 in
629 540 740 624 quibus
763 540 905 607 omnibus
921 540 1144 618 mandarimus,
1166 541 1202 604 ut
1224 535 1426 606 fraternitatis
1441 538 1513 606 tuae

256 678 347 745 opera
376 658 557 725 anctoritate
587 656 716 723 consilio
738 657 908 740 plurimum
931 656 1074 723 uteretur.
1120 654 1192 721 Non
1221 654 1304 721 enim
1334 654 1512 722 dubitamus

257 775 333 861 quin
354 775 409 840 tua
429 774 464 839 in
486 774 577 840 rebus
598 771 732 857 publicis
755 773 787 838 et
808 772 923 838 nostris
946 771 1044 837 virtus
1067 790 1102 836 ac
1125 770 1329 838 benivolentia
1352 790 1388 836 sa
1410 769 1513 836 futura

258 891 301 957 sit
322 909 400 976 quae
423 908 543 973 semper
564 888 631 954 fuit
678 869 964 973 Horumnr‘igieur
990 886 1118 954 saudan
1140 890 1226 954 tuam
1249 886 1368 953 frattun
1390 885 1423 952 in
1446 885 1511 951 Do·

258 1007 343 1073 mino
365 1008 401 1072 ut
414 1024 485 1072 sum
499 1005 631 1090 benigne
646 1004 789 1087 accipere,
812 1003 1004 1089 gratiamque
1026 1003 1075 1070 illi
1090 1005 1176 1069 tuam
1199 1005 1230 1069 et
1252 1021 1340 1086 opem
1358 1003 1513 1086 praestare

259 1139 295 1189 ac
316 1121 409 1188 fidem
432 1140 585 1188 summam
607 1119 719 1187 bebere
741 1121 774 1185 in
797 1120 939 1187 omnibus
962 1120 1048 1200 velis,
1071 1138 1130 1205 quo
1152 1119 1180 1184 is
1204 1117 1325 1184 facilius
1348 1119 1380 1184 et
1402 1117 1513 1184 melius

258 1240 363 1305 nostra
392 1237 453 1303 sibi
481 1236 646 1303 commissa
675 1234 821 1302 mandata
850 1237 1021 1321 exequatur.
1068 1233 1155 1316 Quod
1183 1234 1277 1300 facies
1306 1233 1395 1300 nobis
1426 1250 1512 1299 sum-

258 1371 380 1437 mopere
401 1353 541 1437 optatum
563 1354 594 1419 et
616 1354 748 1437 gratnm.
793 1351 910 1418 Datum
931 1353 1047 1419 Romae
1069 1353 1126 1418 ete.
1149 1353 1184 1417 ut
1207 1369 1305 1434 supra.

348 1584 489 1650 federico
511 1583 674 1651 Admirato
697 1581 857 1650 Castellae.
903 1579 987 1664 Quae
1017 1583 1097 1649 circa
1124 1581 1371 1648 reformationem
1394 1598 1514 1646 morum

259 1700 320 1767 sibi
340 1703 538 1784 proposuerat
561 1699 668 1765 scribit
689 1699 825 1783 pontifex
848 1718 880 1764 se
902 1700 967 1765 ianr
988 1698 1123 1782 caepisse
1145 1698 1259 1783 exequi,
1281 1696 1397 1761 delecto
1419 1694 1514 1761 etiam

258 1816 298 1883 ad
319 1814 352 1882 id
374 1815 580 1899 praelatorum
612 1813 755 1891 consili03
785 1814 838 1880 sed
860 1817 1033 1898 temporum
1063 1815 1228 1880 acerbitate
1258 1813 1396 1878 mactum
1420 1809 1514 1875 fuisse

258 1931 417 2017 negotium
425 1930 603 1997 huiusmodi
619 1949 681 1996 non
695 1932 761 1997 tam
771 1930 912 1997 omittere
928 1949 1020 2016 quam
1029 1929 1156 1996 differre.
1175 1930 1292 1996 Romae
1307 1927 1356 1994 dis
1366 1927 1397 1993 i'n
1407 1925 1514 1990 Martii

259 2045 390 2113 mdxxvi
435 2045 526 2112 Anno
548 2046 651 2112 tertie.

855 2228 928 2295 172.

702 2373 864 2434 Ducibus
886 2373 1073 2435 Bavarfae.

349 2509 465 2577 Dilecti
492 2509 559 2576 filii
610 2509 651 2575 dt
680 2509 812 2594 legimus
842 2511 958 2577 libente
987 2511 1089 2578 animo
1118 2511 1316 2577 nobilitatum
1344 2510 1514 2576 sesmarum

260 2625 380 2693 litteras
403 2626 509 2711 plenas
524 2625 711 2710 prudentias,
734 2626 947 2706 humanitatis,
970 2627 1078 2703 officii;
1101 2629 1132 2693 et
1150 2626 1202 2693 dii.
1218 2625 1319 2692 tilium
1334 2622 1514 2691 Accursinm

261 2739 408 2809 drinaum
441 2742 637 2808 cursarium
660 2743 798 2808 vestrum
819 2742 976 2809 hominem
1006 2743 1113 2827 aptum
1135 2745 1166 2809 et
1195 2742 1375 2827 prudentem
1397 2739 1514 2805 attente

260 2856 434 2924 andivimus
457 2877 493 2923 sa
515 2856 690 2924 narrantem
721 2876 796 2943 quae
819 2856 857 2923 de
878 2858 966 2923 robis
989 2858 1120 2924 maxime
1142 2859 1267 2925 auribus
1289 2856 1403 2924 nostris
1425 2857 1514 2939 mata

261 2972 448 3040 accidebant.
503 2971 586 3038 Nam
615 2974 647 3038 et
675 2973 881 3040 constantiam
911 2992 965 3057 pre
996 2973 1069 3040 fidei
1097 2973 1245 3040 catholice
1276 2970 1515 3057 propugnatione

261 3089 396 3154 vestram
418 3089 450 3153 et
472 3087 618 3154 smmum
640 3088 674 3154 in
695 3088 785 3154 rebus
815 3087 957 3172 gerendis
981 3089 1126 3156 virtrdm
1149 3091 1180 3155 et
1203 3089 1354 3172 optimum
1377 3087 1514 3152 animum

261 3221 335 3288 erga
357 3220 412 3269 noa
437 3201 642 3288 Sanctamque
659 3201 768 3270 Sedena
791 3204 991 3288 apostolicam
1014 3204 1118 3271 audire
1142 3223 1261 3289 semper
1283 3203 1372 3270 nobis
1394 3204 1442 3269 ost
1464 3201 1513 3266 iu·

261 3317 493 3385 candissimum.
538 3318 639 3402 Atque
661 3319 736 3386 baec
751 3319 855 3386 omnia
877 3339 911 3386 co
934 3320 1077 3405 gratiora,
1100 3339 1159 3406 quo
1181 3320 1231 3386 bis
1246 3318 1371 3386 afflictis
1393 3319 1513 3401 pertir-

261 3433 402 3519 batisque
425 3434 614 3520 temporibus
636 3435 735 3501 virtus
757 3435 819 3500 iste
840 3437 872 3501 et
893 3435 992 3519 pistas
1014 3437 1063 3503 est
1084 3436 1210 3502 inventu
1233 3435 1336 3502 rarior.
1383 3433 1443 3502 Sed
1457 3434 1517 3502 etsi

262 3567 316 3616 ros
338 3549 427 3616 nobis
450 3548 487 3617 ds
509 3552 615 3617 nostra
636 3550 671 3617 in
693 3568 746 3617 vos
769 3553 896 3635 paterna
917 3551 1075 3618 voluntate
1097 3551 1191 3637 agitis
1214 3551 1248 3619 in
1269 3551 1382 3618 litteris
1406 3551 1516 3619 resins

262 3665 389 3750 gausa,
412 3683 468 3732 nos
490 3668 596 3732 tamen
617 3666 662 3732 ita
677 3665 848 3732 iudicamus
871 3666 950 3732 nihil
971 3685 1039 3733 esse
1060 3669 1183 3734 tantum
1198 3666 1278 3753 quod
1300 3684 1361 3734 non
1382 3667 1471 3734 robis
1485 3668 1516 3732 et

262 3781 422 3848 sxoeltenti
445 3781 554 3848 virtuti
576 3783 695 3848 vestm
717 3783 750 3849 st
771 3781 893 3849 anobis
915 3782 992 3866 ipsis
1015 3785 1046 3849 et
1069 3802 1278 3869 aquocnnqne
1300 3799 1388 3850 verae
1410 3783 1514 3868 digni·

262 3896 338 3963 tatis
360 3898 392 3964 et
413 3896 588 3965 nobilitatis
612 3897 748 3966 studioso
771 3898 923 3965 dematur.
970 3895 1208 3978 Qemmombrsm
1228 3899 1284 3964 ills
1306 3917 1383 3985 quae
1406 3899 1516 3966 scabis

262 4013 363 4080 verbis
378 4012 469 4098 petiit
490 4032 509 4079 a
531 4013 621 4081 nobis
642 4013 725 4080 idem
739 4013 904 4080 Auernus
927 4014 1107 4082 musanus
1122 4017 1222 4082 vestm
1243 4014 1358 4084 hebent
1379 4017 1517 4081 nostram

263 4128 453 4196 voluntatem
468 4131 618 4213 pactam,
640 4147 717 4213 qnae
732 4128 812 4195 nihil
834 4131 921 4213 optat
934 4130 1144 4197 vehementius
1160 4149 1254 4214 quam
1275 4130 1390 4198 notae·
1405 4130 1515 4197 vesun

263 4245 295 4308 et
317 4243 464 4328 dignitati
493 4245 611 4311 restrae
640 4245 850 4312 nobilissimae
879 4245 1017 4312 famdiao
1044 4246 1130 4312 omni
1150 4247 1185 4312 in
1207 4265 1239 4313 re
1261 4265 1338 4331 quac
1360 4264 1430 4312 cnm
1452 4245 1517 4312 Deo

264 4359 307 4426 sit
329 4359 511 4428 satisfacere
558 4358 617 4426 Sed
637 4361 672 4426 ut
686 4359 790 4426 ordine
813 4361 845 4426 st
866 4361 925 4428 rite
946 4361 1008 4428 ista
1022 4361 1126 4428 omnia
1148 4361 1224 4428 fiant
1240 4361 1405 4428 statuimus
1428 4363 1516 4430 ante·

265 4492 358 4558 quam
380 4474 420 4541 ad
449 4475 590 4542 effectum
612 4476 657 4542 rei
678 4476 847 4554 sumamus,
877 4475 979 4562 aliqua
1001 4477 1196 4562 praemittere
1219 4497 1296 4563 qnae
1319 4481 1391 4544 sunt
1413 4478 1516 4564 ponti-
