3400 5088
726 345 970 412 -137-

218 543 253 610 in
274 560 388 628 magno
410 542 442 608 et
469 540 584 626 inclyto
606 559 677 625 rege
699 541 766 606 tem
794 538 948 606 laudabile
970 540 1002 605 et
1023 538 1192 625 gloriosum
1214 559 1307 626 qnam
1329 540 1471 608 modera-

218 658 312 725 tionie
334 659 366 724 et
379 657 558 742 prudentiae
572 655 766 723 existimatio.
812 654 869 722 Sed
885 655 961 722 baec
979 656 1014 721 tu
1030 655 1198 740 sapientius
1214 641 1372 740 cogitabis,
1395 657 1472 722 illud

220 774 300 860 quod
322 773 362 840 ad
375 773 469 840 fidem
484 771 599 839 Christi
621 773 701 858 quod
716 772 756 838 ad
778 773 910 838 salutem
924 771 1058 856 pertinet
1072 772 1317 851 christianitatis,
1340 792 1473 857 quonam

221 890 310 956 modo
334 890 400 956 sine
423 908 496 974 pace
512 888 679 955 domestica
700 888 814 973 poterit
834 887 968 972 expediri
990 889 1021 954 et
1034 887 1208 972 pmviderie
1230 888 1264 954 in
1286 908 1344 973 quo
1368 895 1473 955 ser.tom

220 1008 307 1072 mam
337 1024 457 1072 eamme
486 1004 583 1072 animi
613 1003 715 1071 studio
743 1003 997 1071 adhortamnrin
1019 1003 1167 1082 Domino,
1196 1005 1232 1070 ut
1254 1025 1286 1071 se
1309 1005 1349 1071 ad
1371 1004 1475 1072 omnia

221 1121 396 1189 concordiae
418 1120 547 1188 coasilia
575 1119 744 1206 benignum
766 1121 948 1188 clementem
978 1120 1159 1205 facilemque
1180 1121 1304 1205 prebere
1326 1121 1410 1200 velit,
1438 1123 1474 1187 nt

221 1239 425 1306 familiaribus
447 1237 539 1304 malis
561 1236 820 1322 incommodisque
835 1238 975 1322 reprdsie,
996 1255 1149 1303 occurrere
1170 1237 1314 1321 periculis
1329 1237 1475 1321 gravibus

221 1373 299 1439 quae
319 1353 492 1434 imminent,
515 1355 546 1420 et
569 1353 701 1420 salutem
722 1353 801 1420 ferre
823 1353 934 1438 populo
956 1353 1061 1420 sancte
1074 1353 1135 1419 Dei
1156 1354 1211 1419 tna
1231 1352 1387 1437 imprimis
1408 1353 1473 1418 vir-

220 1472 287 1537 tute
301 1471 333 1537 et
346 1469 602 1556 magnanimitate
617 1468 836 1536 interveniente
851 1469 1013 1554 possimus.
1059 1467 1145 1536 Sicut
1160 1467 1198 1535 de
1212 1468 1354 1536 omnibns
1372 1469 1474 1534 tecum

219 1586 314 1652 latius
336 1585 388 1653 dil
410 1585 447 1654 fr.
469 1584 618 1652 Melcbior
640 1581 764 1670 langue
786 1585 915 1652 nuncius
938 1586 1041 1652 noete
1062 1584 1176 1652 uostris
1196 1585 1299 1652 verbis
1322 1586 1402 1670 aget,
1424 1583 1475 1650 cui

221 1706 318 1769 sern-
335 1703 388 1768 tua
409 1701 503 1769 fidem
525 1721 647 1769 omnem
668 1699 803 1769 babebit
841 1702 958 1768 Datum
979 1702 1095 1769 Romae
1118 1701 1167 1768 die
1181 1699 1233 1770 vii
1256 1699 1333 1768 Maii
1354 1699 1476 1774 mdnv·

221 1819 310 1886 nuno
333 1819 472 1892 secundo.

815 2081 888 2147 102.

752 2246 946 2306 Caesarh

311 2399 414 2467 Gar.me
436 2401 469 2468 in
491 2399 613 2468 Christo
634 2399 682 2467 fili
695 2402 799 2467 noster
820 2401 876 2466 eta.
922 2397 999 2466 Ouum
1021 2399 1163 2485 aprimis
1185 2399 1373 2485 temporibus
1395 2419 1473 2485 pou·

221 2517 357 2584 tihcatue
385 2517 498 2598 nostri,
528 2517 737 2603 intelligentes
766 2517 799 2582 in
822 2535 914 2601 quam
944 2535 1049 2584 emam
1070 2517 1103 2584 et
1124 2515 1259 2584 laborem
1289 2515 1375 2582 etin
1397 2535 1474 2601 quae

218 2635 359 2718 tempora
381 2634 566 2701 christianae
587 2633 772 2719 reipublicae
793 2651 849 2699 nce
871 2632 911 2698 ad
933 2633 1037 2700 tantae
1059 2651 1136 2700 onus
1159 2631 1375 2700 sollicitudinis
1390 2633 1473 2700 Deus

222 2750 414 2835 omnipotens
436 2750 613 2830 vocadsset,
635 2749 859 2817 institissemus
880 2767 1039 2834 procurare
1061 2751 1094 2816 et
1117 2748 1242 2816 suadere
1263 2768 1385 2834 pacem3
1408 2749 1473 2815 eine

221 2886 282 2952 qua
303 2865 561 2933 christianitatem
582 2866 630 2932 tot
644 2867 676 2932 et
696 2865 828 2932 externis
850 2867 882 2931 ot
904 2863 1081 2932 domesticis
1095 2865 1188 2932 malis
1209 2865 1331 2932 damnis
1352 2864 1472 2931 incom-

222 2982 380 3068 modisque
402 2982 551 3062 attritam,
580 2982 749 3066 proximam
771 3001 838 3049 esse
867 2981 958 3048 exitio
981 2982 1174 3059 videbamns3
1203 2981 1395 3048 recordamur
1417 2999 1473 3046 noe

222 3119 257 3166 er
279 3098 372 3165 officii
395 3099 496 3184 potius
519 3098 618 3164 nostri
641 3097 751 3178 debito,
775 3117 867 3182 quam
882 3099 962 3183 quod
985 3117 1038 3182 spe
1059 3099 1124 3164 ulla
1146 3099 1327 3178 teneremur,
1351 3095 1390 3162 ad
1404 3113 1473 3163 eam

222 3214 372 3282 actionem
395 3216 468 3281 tunc
497 3213 642 3281 adductos
664 3213 767 3280 finisse.
812 3214 881 3280 Etsi
902 3214 986 3280 enim
1008 3215 1108 3281 mum
1138 3215 1309 3281 sciebamus
1331 3213 1471 3297 omnipo-

222 3333 337 3397 tentem
367 3332 486 3397 mutcre
516 3349 604 3414 saepe
633 3332 755 3415 repente
787 3330 914 3396 consilia
942 3330 1103 3398 bominum
1124 3331 1158 3396 in
1180 3330 1306 3406 melium
1336 3331 1368 3395 et
1396 3348 1473 3414 quae

222 3447 407 3513 difficillima
429 3446 624 3526 videbantur,
654 3465 690 3512 ea
712 3465 782 3512 oum
812 3447 896 3513 omni
925 3447 1073 3514 facilitate
1100 3446 1255 3514 conficere.
1300 3445 1418 3512 Tamen
1440 3445 1473 3510 in

221 3563 318 3629 tantis
347 3581 501 3629 armorum
530 3563 789 3640 contentionibus,
819 3564 849 3628 et
879 3563 1007 3629 diversis
1036 3562 1208 3647 principum
1237 3561 1473 3629 christianorum

224 3679 393 3758 sententiis,
423 3697 484 3745 non
507 3677 685 3745 comebatur
714 3678 781 3762 paci
810 3679 904 3757 locus,
933 3697 1025 3762 quam
1054 3697 1124 3745 eum
1155 3679 1358 3746 suadebamus
1381 3679 1412 3744 et
1434 3677 1474 3743 ad

225 3813 292 3858 eam
306 3793 518 3872 hortabamur,
541 3793 840 3878 proponebamusqne
862 3813 989 3879 eaquae
1003 3794 1092 3861 nobie
1114 3794 1296 3861 videbantur
1310 3792 1350 3858 ad
1366 3812 1472 3878 parem

224 3907 362 3992 propiora
383 3929 465 3988 esee,
488 3909 589 3976 dudio
604 3909 705 3994 magis
728 3911 760 3976 et
774 3909 922 3977 desiderio
945 3911 1146 3978 conscientiae
1161 3912 1282 3977 nostrae
1301 3907 1472 3976 satisfacie-

224 4025 348 4103 bamus,
376 4044 468 4110 quam
499 4045 552 4110 spo
580 4025 756 4110 proficiendi
784 4026 886 4110 aliqua
915 4027 1170 4094 sustentabamur.
1214 4027 1258 4092 ht
1285 4043 1356 4093 vero
1384 4044 1474 4104 nnnc,

223 4141 384 4226 postquam
406 4139 542 4208 eiusdem
558 4141 617 4208 Dei
639 4141 742 4207 omnia
756 4143 956 4226 gubernantis
978 4142 1098 4222 iudicio,
1121 4143 1202 4228 quod
1223 4145 1296 4209 tune
1314 4159 1473 4208 commune

222 4255 281 4323 tibi
303 4276 373 4323 cnm
396 4257 467 4323 aliis
495 4257 684 4341 principibus
707 4256 781 4337 neit,
810 4257 844 4324 id
865 4257 965 4324 totum
997 4257 1206 4326 videturesse
1228 4258 1268 4324 ad
1290 4259 1360 4324 tuae
1383 4261 1473 4324 cersi·

222 4371 385 4439 arbitrium
407 4371 649 4456 potestatemque
663 4372 809 4452 delatum,
831 4373 867 4438 ut
887 4387 979 4457 penes
1001 4375 1033 4440 te
1055 4393 1150 4442 unum
1164 4373 1214 4442 ius
1236 4373 1310 4441 belli
1331 4373 1473 4458 pacisque

222 4486 278 4566 sit3
300 4487 408 4554 eadem
431 4487 554 4573 quidem
577 4507 683 4554 sumus
711 4486 878 4572 cupiditate
908 4489 939 4555 et
962 4490 1121 4571 sententia,
1151 4493 1186 4556 ut
1208 4489 1384 4560 emanue
1405 4507 1472 4575 pax,
