3400 5088
725 241 780 304 -‘
817 257 878 321 111
924 291 968 302 -

220 453 353 537 petimus
369 472 429 519 neu
444 452 583 518 dubitare
598 471 653 516 nes
671 451 899 517 serenissimum
923 450 1022 516 filium
1037 450 1103 527 libi,
1127 469 1229 534 regem
1246 469 1334 515 suum
1351 446 1471 514 Galliae

220 568 372 634 redditum
387 568 434 648 iri,
458 587 550 652 quam
566 588 651 652 spem
665 567 698 632 in
714 567 800 632 nobis
816 567 926 633 excitet
935 565 1071 632 Caesaris
1088 565 1184 649 ipsius
1200 565 1309 649 optimi
1324 564 1470 648 principis

220 685 341 752 benitas
364 686 395 750 11
418 684 531 750 summi
554 684 613 749 Dei
635 683 805 762 clementie,
836 702 911 767 ques
934 701 990 748 nos
1013 683 1119 748 ambos
1149 683 1297 766 quantum
1319 681 1353 746 iu
1381 681 1469 747 nubis

219 801 277 867 erit
299 801 438 885 precibus
460 799 574 866 nostris
604 801 723 882 placere
746 817 805 864 neu
835 799 1026 864 desistemus.
1072 796 1148 863 Cum
1172 800 1274 863 eutem
1296 817 1377 863 nunc
1399 816 1468 862 curn

217 916 327 983 dilecte
350 917 414 982 filie
437 915 555 982 Jeenue
577 915 727 1000 Lengiete
742 915 825 1000 regie
848 914 1021 981 consiliarie
1043 916 1074 980 11
1089 914 1238 998 magistre
1259 915 1469 998 requestarum

216 1033 341 1099 homine
362 1031 508 1116 prudente
531 1032 562 1097 et
591 1031 799 1116 singularibus
828 1031 993 1097 virtutibus
1022 1029 1140 1114 prodite
1169 1030 1301 1096 multum
1325 1028 1362 1094 (11
1384 1031 1416 1095 te
1438 1029 1469 1094 11

217 1149 307 1215 rebus
330 1147 392 1214 tuis
408 1147 549 1213 omnibus
565 1166 701 1213 essemus
722 1147 825 1226 locuti
839 1147 954 1213 hortati
977 1167 1082 1214 sumus
1104 1166 1174 1212 eum
1197 1146 1232 1210 ut
1246 1145 1363 1211 neb.tem
1381 1145 1468 1210 tuem

215 1266 319 1332 uestro
343 1282 459 1348 queque
474 1264 597 1329 nomine
619 1263 686 1348 ipse
708 1264 913 1330 consuleretur
936 1281 970 1328 ec
985 1263 1045 1328 tibi
1065 1265 1227 1346 petemum
1249 1260 1387 1328 animum
1410 1279 1466 1326 ne-

217 1382 314 1445 strum
337 1381 369 1447 in
399 1379 541 1446 omnibus
570 1379 708 1462 aperiret,
738 1378 771 1444 iu
800 1379 908 1462 queis
938 1378 1027 1444 nobis
1050 1379 1081 1444 et
1111 1396 1248 1444 sermone
1276 1377 1347 1461 apte
1377 1377 1467 1462 etque

215 1495 362 1580 prudente
385 1496 416 1561 11
439 1495 523 1561 omni
553 1493 775 1579 significatione
805 1493 876 1562 fidei
906 1496 996 1578 etque
1026 1494 1139 1559 emeris
1169 1511 1241 1577 erge
1270 1512 1319 1559 res
1348 1495 1466 1558 1111111

215 1611 379 1687 1111111111;
409 1612 495 1677 cuius
517 1611 554 1676 de
576 1609 741 1676 virtutibus
764 1628 949 1695 quemquam
979 1610 1078 1675 multa
1100 1610 1267 1675 multorum
1289 1607 1466 1674 testimonio

214 1729 304 1794 111111
318 1726 584 1805 intellexissemus,
607 1729 711 1792 11111111
726 1726 798 1790 illae
820 1725 909 1792 nobis
924 1727 1086 1809 postquem
1108 1725 1199 1790 illum
1221 1723 1344 1808 propius
1367 1741 1464 1807 egne-

213 1844 314 1934 vimus
328 1843 395 1909 risa
418 1843 490 1908 sunt
505 1843 635 1918 maiorm
657 1842 799 1909 idoneum
814 1843 909 1927 igitur
924 1841 1134 1921 iudicavimus,
1156 1841 1209 1925 qui
1223 1838 1465 1906 benevolentiam

212 1961 350 2025 1111111111
373 1959 412 2024 cd
426 1961 457 2023 te
479 1961 509 2024 11
526 1957 661 2024 studium
684 1979 785 2025 rerum
808 1961 978 2024 vestrarum
1001 1958 1086 2024 omui
1099 1958 1227 2024 honesta
1249 1955 1366 2022 ratione
1384 1954 1464 2039 apud

213 2074 373 2141 Gaesarem
402 2075 505 2159 ipsum
528 2074 689 2158 presertim
711 2074 912 2140 iuvandarum
934 2074 1087 2158 perferret,
1116 2074 1165 2139 cui
1187 2075 1223 2139 ut
1244 2073 1337 2139 fidem
1358 2073 1392 2137 in
1413 2072 1463 2138 his

212 2192 323 2257 habeat
344 2191 462 2257 nocem
484 2193 571 2256 tuem
593 2191 678 2256 enixe
701 2191 906 2256 adhortemur.
952 2190 1017 2256 Nes
1040 2210 1094 2274 pre
1116 2190 1262 2274 peculiari
1284 2190 1337 2256 illc
1361 2207 1463 2256 emere

212 2326 270 2392 quc
293 2309 324 2374 et
346 2309 454 2373 11111111
476 2308 564 2371 tuum
586 2305 686 2371 filium
708 2306 797 2373 uobis
820 2307 1037 2372 charissimum
1060 2307 1091 2373 11
1112 2307 1229 2372 neb.tem
1245 2307 1332 2371 tuem
1355 2325 1460 2372 sumus

211 2422 370 2507 prosecuti,
385 2423 443 2489 etsi
459 2421 536 2487 alies
559 2422 641 2486 idem
656 2421 792 2501 fecimus,
809 2423 913 2488 temen
935 2442 1015 2488 nunc
1030 2441 1146 2507 queque
1169 2422 1227 2489 tibi
1242 2441 1364 2488 emnem
1387 2441 1459 2505 ope·

210 2558 277 2604 rem
299 2539 433 2623 gretiam
455 2537 616 2604 consilium
639 2537 852 2604 auctoritatem
868 2541 1004 2604 nestram
1020 2539 1168 2622 quantum
1184 2555 1218 2602 ex
1241 2538 1314 2604 beni
1328 2537 1459 2621 pesteris

208 2654 307 2720 efficio
335 2653 456 2720 licitum
485 2655 533 2720 est
556 2655 587 2720 et
608 2652 767 2720 referimus
791 2655 822 2719 et
844 2654 1031 2738 pollicemur,
1054 2653 1190 2738 nihilque
1215 2654 1459 2738 praetermissuri

209 2789 314 2836 sumus
336 2769 417 2854 qued
439 2771 545 2853 aptum
568 2789 634 2836 esse
656 2769 754 2854 pessit
784 2769 823 2835 ed
845 2769 1006 2836 lesendam
1029 2770 1060 2836 et
1082 2769 1286 2854 mitigandam
1309 2771 1344 2835 ut
1367 2789 1457 2854 supru

208 2884 339 2952 diximus
362 2884 570 2951 calamitatem
593 2887 678 2951 tuem
703 2885 781 2950 sicut
804 2885 963 2952 abeodem
985 2886 1134 2970 leugietc
1158 2906 1247 2970 quem
1270 2905 1373 2952 emere
1395 2907 1456 2954 uon

206 2999 396 3067 mediocriter
418 3001 554 3085 cepimus
576 3001 684 3067 1111111·
706 3003 759 3066 tue
781 3000 901 3085 plenius
923 3001 1084 3086 intelliget.
1130 3002 1247 3068 Datum
1269 3001 1384 3068 Remus
1406 3001 1455 3070 die

205 3116 428 3186 xxiiii‘liertii
448 3117 567 3184 mdxxr.
612 3118 701 3185 Auno
724 3118 862 3184 secundo.

802 3380 853 3446 87.

634 3545 765 3617 Magno
788 3544 1020 3606 cancellarie.

288 3699 406 3765 Dilecte
428 3697 483 3767 fili
529 3697 606 3764 Crem
635 3699 833 3764 reverteretur
862 3699 900 3763 ed
930 3716 1050 3766 ser.mum
1073 3699 1231 3766 0111111111
1258 3699 1448 3770 11111111.

200 3814 433 3881 Berthclcmeus
455 3813 492 3880 de
508 3811 682 3880 Gettiuun'a
706 3815 757 3898 qui
780 3813 932 3880 devotioni
955 3817 1024 3882 tuce
1039 3817 1152 3883 virtute
1174 3820 1206 3883 11
1220 3818 1380 3902 prudentie
1403 3820 1447 3886 si-

198 3930 283 3996 milis
312 3929 576 4014 consanguinitate
605 3929 782 3995 coniunctus
813 3930 874 4011 est,
904 3932 963 3997 etsi
991 3932 1063 3997 huie
1084 3933 1211 4013 homini,
1240 3933 1325 4000 euius
1355 3935 1447 4004 fidem

198 4044 366 4112 doctrinam
390 4045 609 4125 dexteritatem,
633 4045 711 4111 etin
726 4046 810 4111 omni
825 4065 933 4130 genere
948 4049 1082 4114 mentem
1099 4049 1252 4133 integram
1274 4053 1446 4138 rectamque

198 4182 303 4228 sumus
333 4161 449 4246 experti
477 4161 580 4228 emnia
609 4161 714 4227 nostre
743 4160 871 4228 consilia
900 4163 1131 4244 crediiidimus‚
1161 4184 1237 4250 quee
1260 4167 1299 4231 ed
1322 4169 1352 4233 te
1375 4188 1444 4236 eum

196 4277 301 4345 efferre
323 4277 485 4359 voluimus,
506 4279 611 4344 temen
625 4277 674 4343 his
698 4295 814 4362 queque
828 4277 940 4346 litteris
955 4279 1108 4346 voluimus
1129 4281 1344 4362 1111111111,
1367 4282 1445 4350 nihil

193 4393 281 4460 nobis
303 4411 438 4480 uuquam
461 4393 561 4480 magis
584 4411 619 4459 er
642 4393 793 4462 sententie
816 4395 969 4477 eccidisse,
993 4415 1084 4482 quem
1107 4397 1186 4483 quod
1210 4399 1275 4467 siue
1299 4401 1437 4486 scrupulo
1525 4401 1531 4408 ’
