3380 5088
786 359 1029 425 —310-

282 551 433 637 suscipere
463 553 517 617 aut
546 551 623 618 illud
647 555 821 636 susceptum
843 570 904 619 non
927 553 1099 620 sustentare
1127 571 1224 638 posse,
1254 573 1382 638 quornm
1404 555 1536 638 utroque

281 666 371 734 modo
386 665 533 733 ditionem
549 667 698 752 prefatam
715 668 746 734 et
760 668 949 734 Florentiam
963 669 1168 754 trepidantem
1182 669 1438 755 potissimumque
1453 669 1533 735 Par·

280 801 365 848 mam
381 783 412 850 et
427 781 617 848 Placentiam
631 783 781 850 finitimas
796 785 887 850 urbes
901 784 1043 851 hostibus
1058 783 1181 870 perdere
1196 804 1318 852 necesse
1333 786 1406 852 erat.
1424 785 1534 868 ltaque

281 919 314 966 se
337 898 516 966 declarando
543 899 649 965 contra
671 897 778 966 Gallos
801 898 924 966 Gaesari
952 900 1032 966 nibil
1053 899 1218 984 prodesset
1242 901 1302 967 sibi
1331 903 1434 968 autem
1459 920 1483 966 v.
1509 919 1533 966 s.

280 1016 386 1082 obesse
400 1016 534 1081 multum
556 1015 683 1099 poterat
706 1034 765 1099 qua
780 1016 897 1082 rationo
912 1018 1033 1082 coactus
1047 1016 1219 1083 elaborasse
1235 1036 1357 1083 summa
1371 1015 1534 1101 diligentia

281 1133 317 1198 ut
338 1150 397 1216 par
418 1131 499 1197 inter
520 1131 669 1197 exercitus
692 1134 920 1216 componeretur
938 1130 1039 1198 Gallis
1063 1132 1138 1198 citra
1161 1135 1193 1200 et
1214 1131 1328 1199 nostris
1351 1133 1434 1197 ultra
1448 1129 1532 1196 lici·

282 1248 369 1315 nium
391 1247 625 1333 quiescentibus,
649 1265 775 1332 eamque
798 1247 881 1332 pacis
904 1247 1107 1315 conditionem
1131 1250 1257 1332 agentes
1281 1246 1418 1314 Goeearis
1441 1265 1532 1330 repn-

283 1364 383 1430 diasse
405 1364 437 1429 et
459 1363 532 1431 adeo
553 1363 667 1430 iterum
694 1363 733 1429 ab
756 1364 801 1430 eis
825 1361 931 1430 Gallos
960 1363 1106 1431 excitatos
1128 1383 1194 1430 esse
1216 1364 1252 1429 ut
1274 1363 1372 1430 diviso
1401 1361 1534 1429 exercitu

282 1478 471 1564 lectioneque
493 1479 676 1546 Ursinorum
699 1479 859 1546 coniuncta
880 1483 1021 1546 curarent
1039 1477 1122 1546 Galli
1144 1497 1272 1564 regnum
1295 1478 1535 1564 Neapolitanum

282 1614 358 1680 pone
386 1594 541 1661 desertum
569 1595 711 1662 invadere
739 1595 1073 1674 iir.s.auctor1tate,
1103 1596 1251 1680 precibus,
1282 1595 1474 1662 suasionibus
1504 1595 1536 1660 et

282 1711 467 1796 gravissima
489 1711 657 1777 monitione
678 1729 729 1777 eos
759 1710 914 1795 paulisper
935 1711 1103 1792 retinuerit,
1132 1730 1191 1795 que
1212 1710 1343 1777 nimium
1374 1711 1537 1795 augeretur

282 1827 315 1893 in
338 1827 369 1893 id
392 1825 580 1893 discriminis
603 1824 733 1892 adducta
756 1828 791 1893 ut
812 1844 860 1892 res
884 1825 1021 1893 Caesaris
1044 1845 1099 1909 pro
1121 1825 1231 1893 affectu
1254 1825 1351 1892 animi
1372 1825 1451 1893 tueri
1473 1845 1537 1892 nou

284 1943 389 2027 possit
421 1942 528 2026 ltaque
549 1940 718 2008 decrevisse
741 1941 850 2008 iudicis
873 1943 905 2008 et
919 1941 1017 2026 patris
1040 1941 1137 2008 offitio
1159 1942 1270 2009 melius
1285 1961 1353 2010 esso
1375 1941 1413 2008 ad
1428 1959 1536 2025 pacem

283 2058 442 2136 cohortari,
465 2075 595 2136 monere,
625 2058 781 2124 obsecrare
804 2076 865 2124 non
886 2057 1042 2135 desistere,
1064 2059 1239 2143 contempta
1261 2057 1348 2142 vulgi
1375 2056 1537 2123 vanissimi

284 2175 363 2240 falsa
393 2173 599 2240 susurratione
620 2173 652 2238 et
680 2173 847 2240 multorum
876 2172 1101 2257 impudentium
1130 2173 1303 2239 emouere
1333 2172 1536 2239 asserentium

285 2310 312 2356 r.
331 2309 359 2386 ρ.
382 2289 473 2356 rebus
503 2285 633 2355 Gallicis
662 2288 790 2366 studere,
820 2287 901 2372 quod
929 2288 1020 2373 longe
1050 2289 1172 2354 abesset
1193 2309 1211 2352 a
1234 2288 1370 2355 somate.
1421 2286 1537 2354 Addidi

284 2406 409 2490 insuper
430 2405 563 2471 rationes
578 2404 773 2471 vehementes
795 2422 864 2470 meo
886 2403 998 2470 iudicio
1020 2403 1059 2470 ad
1081 2403 1114 2469 id
1136 2401 1393 2487 comprobandum
1416 2405 1448 2470 et
1469 2403 1537 2469 luce

285 2521 397 2588 clarius
419 2519 646 2588 ostendendum.
693 2519 810 2586 Deinde
832 2519 916 2604 pacis
939 2518 1127 2585 conditiones
1151 2521 1184 2585 ut
1206 2519 1239 2585 in
1261 2519 1417 2586 mandatis
1438 2519 1534 2585 babe-

286 2639 358 2704 bam
387 2635 544 2721 proposui;
567 2635 631 2701 riso
655 2636 728 2701 sunt
748 2635 884 2702 duriores
908 2654 983 2720 equo
1006 2636 1038 2702 et
1066 2655 1124 2720 quo
1148 2655 1268 2701 summe
1297 2635 1537 2719 disciplicuorint

286 2773 314 2820 u.
338 2771 361 2818 s.
384 2751 559 2816 factumi).
583 2749 632 2816 Jo.
654 2749 692 2816 de
714 2749 851 2832 Medicis,
881 2751 967 2817 cuine
989 2769 1086 2835 neque
1115 2751 1236 2817 conscia
1258 2749 1319 2817 fuit
1340 2771 1368 2818 v.
1392 2771 1415 2817 s.
1439 2769 1538 2834 neque

286 2885 356 2934 eum
372 2884 510 2933 rovocare
524 2866 658 2949 potuerit
679 2885 773 2952 quum
796 2866 887 2933 bomo
910 2869 992 2933 esset
1015 2867 1064 2932 sui
1078 2867 1198 2933 arbitrii
1221 2867 1251 2934 et
1270 2866 1447 2933 voluntatis.
1469 2866 1535 2932 Da-

287 2985 352 3049 tam
375 2983 479 3048 brnen
499 2981 549 3047 illi
570 2982 609 3047 ab
631 2981 794 3066 agentibus
810 2980 948 3048 Caesare
971 3000 1095 3048 oausam
1118 2981 1227 3048 diffuse
1241 2981 1379 3066 explicui
1411 2979 1539 3047 Audiuit

178 3079 185 3102 ⁶
286 3117 338 3164 mo
358 3096 392 3162 in
406 3095 533 3164 consilio
548 3115 602 3163 suo
625 3099 656 3163 et
673 3114 808 3163 seorsum
825 3097 985 3181 principes,
1007 3098 1124 3163 abente
1145 3095 1425 3182 benignissimeque
1439 3097 1537 3162 inter·

288 3213 409 3298 rogarit
435 3231 486 3278 me
514 3212 648 3296 primum
678 3213 713 3278 ut
741 3213 856 3278 ualeret
877 3233 904 3280 v.
929 3232 952 3278 s.
975 3212 1188 3279 demonstrans
1213 3232 1239 3278 u.
1265 3231 1287 3278 s.
1311 3213 1346 3278 ut
1375 3231 1445 3278 roro
1474 3211 1538 3278 tilio

288 3329 420 3396 maxime
434 3347 505 3395 cure
527 3347 594 3394 esso
615 3328 786 3411 letatusqno
801 3330 849 3395 est
864 3329 918 3395 ubi
939 3347 974 3395 eu
990 3347 1040 3394 me
1055 3326 1173 3395 audivit
1195 3329 1275 3394 recto
1290 3328 1398 3395 salaro.
1422 3326 1539 3394 Deinde

287 3446 322 3511 in
350 3446 434 3530 pacis
463 3442 687 3512 conditionibus
716 3445 747 3509 et
774 3443 845 3510 aliis
868 3445 958 3510 rebus
988 3444 1121 3510 multum
1150 3444 1297 3528 temporie
1326 3462 1430 3510 meum
1452 3444 1485 3511 et
1506 3443 1540 3509 in

289 3559 415 3627 coneilio
439 3579 492 3626 suo
516 3560 729 3643 consumptum
746 3560 801 3638 est,
825 3579 879 3626 nec
901 3560 1082 3626 conveniens
1105 3559 1182 3625 satis
1200 3577 1381 3643 responsum
1403 3578 1427 3624 s.
1443 3579 1470 3626 v.
1489 3579 1539 3625 re·

289 3675 469 3760 pariebatur.
503 3674 623 3742 Ultimo
645 3675 748 3740 autern
772 3692 791 3738 a
814 3674 977 3741 serenitate
1001 3693 1056 3740 sua
1071 3675 1248 3742 conclusum
1270 3675 1374 3740 extitit
1395 3673 1474 3758 quod
1492 3694 1541 3741 ros

187 3799 191 3816 '
289 3793 320 3859 et
342 3791 491 3859 momenti
513 3791 545 3856 et
566 3789 661 3856 totius
677 3789 913 3856 christianitatis
936 3790 1075 3856 beneficii
1090 3790 1171 3856 esest
1193 3790 1349 3856 consulere
1364 3790 1541 3875 rireragem

289 3907 506 3991 certioremque
528 3924 598 3971 eum
621 3903 744 3971 reddere
766 3905 804 3970 de
826 3906 877 3971 bie
899 3905 1042 3972 omnibus
1056 3925 1110 3989 per
1132 3906 1287 3990 proprium
1309 3905 1466 3973 bominem
1489 3907 1543 3990 qni

290 4023 368 4089 sciat
390 4019 548 4087 commoda
570 4039 629 4104 que
652 4019 774 4086 Caesam
803 4023 835 4087 et
858 4039 910 4086 sue
941 4020 1099 4087 serenitati
1121 4021 1239 4087 evenire
1268 4022 1394 4105 possent
1415 4039 1488 4105 pace
1510 4024 1542 4089 et

290 4135 448 4205 concordia
467 4136 643 4220 composita
674 4137 715 4202 lu
736 4135 925 4220 itidemque
950 4138 1052 4220 sprota
1073 4136 1137 4215 illa,
1152 4135 1344 4203 incommoda
1366 4156 1427 4204 non
1445 4155 1543 4222 panca

290 4255 393 4321 essent
415 4252 621 4319 subsecutura
667 4249 829 4336 Significat
855 4251 951 4336 igitur
981 4251 1129 4318 serenitas
1153 4270 1208 4317 sua
1230 4250 1369 4318 animum
1399 4256 1543 4320 suamet

290 4367 417 4455 quiquid
446 4365 583 4433 beneficii
606 4367 638 4432 et
658 4365 805 4433 utilitatis
835 4367 892 4432 bac
914 4365 947 4432 in
969 4385 1002 4433 re
1029 4366 1142 4452 poterit
1163 4369 1298 4452 prestare
1322 4387 1345 4433 s.
1365 4387 1392 4435 v.
1414 4367 1541 4436 indubi-

291 4489 392 4553 tanter
407 4482 510 4549 credat
533 4481 633 4566 ipsum
657 4482 808 4548 facturum
831 4480 951 4566 quando
975 4503 997 4548 e.
1015 4502 1041 4548 v.
1065 4483 1197 4548 offitium
1213 4483 1276 4548 ueri
1298 4483 1396 4566 patris
1418 4485 1453 4548 ut
1470 4483 1544 4551 fecit
