3380 5088
712 319 956 387 —245-

206 518 330 601 gratum
353 515 447 582 etiam
469 516 615 594 futurum,
636 516 787 598 ,concessit
808 518 930 583 nostrae
952 515 1110 594 voluntati,
1133 517 1223 600 atque
1238 518 1319 584 hunc
1342 538 1457 603 quoqne

205 635 276 717 post
299 634 374 700 alios
397 634 511 699 multos
540 633 676 699 lahorem
699 633 737 698 ad
761 634 794 699 te
823 632 1040 717 proficiscendo
1070 636 1102 699 et
1131 633 1169 698 ad
1199 651 1457 719 eorumquoque

206 749 367 817 Caesarem
391 750 532 834 suscepit,
555 751 594 815 ad
616 770 714 834 quem,
737 769 911 834 quanquam
928 769 963 831 ea
977 770 1031 833 per
1045 750 1122 816 alios
1138 750 1310 817 curavimus
1333 752 1458 835 perferri

206 871 311 935 nosha
326 868 483 947 desideria,
507 869 611 934 tamen
633 867 666 932 in
688 868 755 950 ipso
771 868 823 932 tuo
846 868 963 932 oratore
977 868 1154 954 ‘marimum
1168 853 1357 934 momentum
1373 868 1457 936 illius

206 986 349 1051 movendi
371 987 402 1050 et
425 983 571 1050 suadendi
593 984 758 1067 posuimus.

297 1100 380 1182 Quae
395 1102 498 1168 autem
514 1122 532 1166 a
547 1102 599 1167 tna
616 1107 698 1167 ser.te
719 1101 910 1185 requirimur,
934 1121 971 1167 oa
983 1102 1058 1167 haec
1074 1105 1153 1180 sunt,
1176 1105 1311 1187 primum
1326 1105 1361 1170 nt
1379 1103 1458 1186 quod

209 1221 246 1285 ad
263 1238 369 1303 pacem
392 1237 584 1285 communem
607 1219 638 1284 et
652 1217 820 1284 remedium
837 1219 981 1285 adversus
997 1219 1243 1286 crudelissimum
1265 1223 1387 1288 hostem
1401 1240 1457 1305 pa·

208 1336 338 1402 randum
353 1337 492 1422 pertinet,
516 1337 548 1402 in
564 1355 598 1402 eo
613 1335 690 1402 velis
713 1355 835 1402 omnem
849 1337 913 1402 rim
928 1336 1072 1402 adhibere
1094 1339 1125 1403 91
1139 1337 1263 1403 virtutis
1279 1340 1310 1405 et
1325 1312 1457 1404 anctori-

207 1455 281 1520 tatis
297 1456 328 1520 et
343 1453 495 1537 potentiae
511 1455 596 1528 tuae;
619 1452 735 1531 deinde,
752 1455 778 1519 si
801 1454 863 1520 alia
877 1455 955 1519 ratio
970 1453 1089 1538 negocii
1103 1453 1280 1521 confidendi
1295 1454 1461 1539 expeditior

206 1591 267 1638 non
283 1573 426 1651 occurrat,
450 1571 532 1638 diem
546 1572 691 1638 stlocum
707 1571 877 1637 atmodum
899 1571 976 1636 velie
991 1570 1237 1637 constituendum
1255 1590 1364 1638 curare
1386 1591 1459 1637 sua-

208 1689 305 1756 dendo
327 1689 384 1755 hoc
408 1688 538 1766 ansmi
568 1690 598 1754 et
622 1689 647 1753 si
671 1689 766 1753 etiam
789 1688 848 1753 tihi
870 1687 1008 1754 videatur
1031 1687 1286 1754 christianissimo
1315 1687 1396 1772 regi,
1425 1689 1460 1754 nt

208 1806 395 1890 colloquium
422 1808 562 1871 sanctum
584 1807 616 1872 et
639 1807 770 1872 salutare
793 1805 860 1871 fieri
882 1805 988 1888 possit,
1019 1789 1098 1870 sient
1117 1823 1175 1870 nos
1205 1824 1322 1890 quoque
1352 1805 1458 1871 ambos
1508 1805 1511 1814 ’

208 1923 328 1988 eosdem
353 1941 439 2006 reges
462 1942 523 1988 non
547 1922 644 1987 solum
675 1922 834 1992 hortamur
856 1941 910 2006 per
938 1922 1065 1987 nuncios
1087 1922 1207 1988 nostros
1230 1940 1336 1988 veram
1365 1921 1459 1987 etiam

180 2104 184 2112 ,
208 2038 409 2105 obsecramus.
455 2038 520 2104 Nos
544 2037 627 2104 enim
650 2037 1294 2125 9911191999111991191911919999911
1317 2038 1461 2122 colloquii

208 2153 280 2220 data
303 2155 361 2221 erit
384 2155 522 2230 facultas,
546 2173 601 2219 nos
616 2155 846 2239 promptissimo
861 2155 893 2220 91
914 2154 1120 2220 libentissimo
1136 2154 1238 2220 animo
1260 2155 1334 2220 illuc
1357 2173 1458 2220 acces-

208 2289 302 2350 suros,
325 2289 543 2355 personamque
559 2271 695 2336 rosham
719 2272 861 2336 omnihus
884 2271 1026 2354 periculis
1049 2289 1103 2353 pro
1125 2271 1183 2336 Dei
1206 2273 1237 2336 et
1259 2270 1331 2336 fidei
1346 2269 1462 2336 chusai

207 2386 341 2453 utilitate
363 2389 395 2452 et
417 2405 508 2452 causa
531 2386 708 2464 obiecturus,
731 2386 811 2471 qnod
834 2387 879 2452 ita
900 2387 1033 2452 maxime
1055 2386 1123 2452 fieri
1137 2387 1285 2470 cupimus,
1308 2388 1343 2451 nt
1365 2385 1459 2452 etiam

207 2503 397 2581 interveniat,
421 2502 448 2567 si
469 2502 568 2586 possit
589 2499 663 2581 fieri,
687 2508 781 2568 serras
805 2504 865 2580 tna,
888 2503 936 2568 uel
952 2502 1100 2568 hortatrix
1115 2502 1298 2578 concordiae,
1321 2503 1369 2568 vel
1385 2520 1458 2568 con-

207 2619 357 2684 ditionum
380 2619 593 2696 confirmatrix,
617 2618 694 2702 quod
710 2620 764 2684 tua
785 2619 916 2685 maxime
932 2619 1112 2684 auctoritate
1133 2619 1245 2702 poterit
1266 2618 1353 2683 effici.
1392 2617 1458 2683 1199

207 2737 311 2800 tamen
333 2735 518 2800 arbitramur
541 2735 654 2801 iactum
678 2735 776 2800 ullum
798 2734 990 2818 praeclarius,
1015 2735 1069 2799 aut
1090 2735 1253 2824 gloriosius
1275 2753 1364 2817 posse
1386 2752 1405 2798 a
1427 2735 1457 2799 te

208 2851 265 2917 hoo
288 2853 421 2934 tempore
445 2850 565 2934 suscipi,
589 2850 717 2934 dignum
740 2852 793 2915 tua
816 2850 847 2915 et
869 2851 1005 2934 parentis
1032 2850 1078 2915 tui
1101 2849 1227 2934 gloria..
1253 2848 1314 2929 Qui
1336 2848 1458 2934 quidem
1587 2921 1591 2929 ,

208 2969 279 3032 tuus
302 2969 388 3050 pater
410 2986 479 3032 oum
501 2985 623 3032 omnem
639 2967 771 3032 aetatem
794 2985 881 3031 suam
904 2967 936 3031 in
960 2985 992 3031 re
1007 2965 1121 3032 Christi
1145 2969 1176 3032 et
1190 2965 1349 3050 religionis
1373 2966 1455 3030 chri-

210 3083 325 3148 stianae
348 3085 564 3167 propagatione
587 3083 823 3166 consumpserit,
854 3084 1017 3166 tantaeque
1046 3082 1146 3148 laudis
1176 3082 1377 3148 hereditatem
1400 3081 1459 3146 tibi

208 3199 372 3283 reliquerit,
396 3198 519 3264 advenit
541 3217 621 3263 nnnc
636 3201 765 3282 tempus,
789 3217 848 3264 non
866 3198 1000 3281 optabile
1022 3198 1101 3263 illud
1123 3198 1254 3283 quidem,
1279 3196 1332 3263 sed
1355 3197 1458 3261 tamen

208 3315 266 3380 tibi
289 3315 410 3400 quidem
434 3314 670 3393 accommodum,
700 3333 759 3397 quo
788 3313 872 3379 hreui
895 3314 993 3397 spatio
1023 3332 1082 3379 uno
1105 3313 1237 3379 marimo
1261 3315 1291 3378 et
1313 3313 1458 3395 opportu-

210 3431 338 3496 nissimo
352 3431 436 3514 pacis
460 3449 547 3514 opere
562 3432 593 3495 et
616 3429 742 3495 oonsilio
758 3431 843 3494 illius
866 3431 1043 3513 perpetuam
1067 3431 1097 3494 et
1120 3429 1264 3495 eximiam
1287 3426 1408 3493 laudem
1424 3448 1459 3492 er

211 3548 318 3613 multis
340 3547 465 3630 pietatis
488 3546 628 3630 operibus
645 3544 827 3630 acquisitam
842 3545 941 3629 possis
965 3544 1146 3628 adaequare:
1171 3544 1262 3610 debes
1277 3546 1381 3636 autem
1403 3543 1460 3608 hoo

209 3664 273 3728 Deo
297 3663 394 3728 ateis
418 3661 530 3727 divinis
561 3661 737 3727 muneribus
761 3680 796 3725 ac
818 3661 987 3737 benefieiis,
1017 3679 1093 3744 qnae
1123 3661 1182 3726 tihi
1204 3663 1242 3726 ah
1266 3659 1319 3725 illo
1348 3658 1460 3724 collata

210 3779 307 3844 multa
330 3779 361 3844 91
383 3797 494 3863 magna
519 3778 611 3842 sunt..
643 3777 681 3842 In
704 3797 793 3860 quem
818 3775 974 3860 siparum
1003 3779 1110 3861 gratus
1133 3776 1295 3860 reperirere
1323 3774 1460 3840 timenda

209 3895 293 3960 illius
316 3895 361 3960 ira
376 3893 605 3978 indignatioque
621 3895 709 3958 esset.
754 3893 848 3957 Porro
872 3911 919 3957 res
935 3891 1120 3958 christianae
1142 3893 1174 3957 in
1197 3911 1267 3956 eum
1282 3891 1383 3955 locum
1402 3889 1458 3954 ad·

210 4010 317 4076 ductae
340 4011 428 4086 sont,
457 4011 492 4074 ut
515 4010 568 4073 ant
597 4008 686 4074 celeri
715 4007 846 4072 remedio
876 4007 1020 4072 maximis
1050 4007 1277 4091 urgentissimis
1307 4024 1368 4072 non
1396 4005 1460 4070 iam

210 4125 353 4208 periculis
378 4125 431 4190 sed
452 4123 590 4189 cladibus
620 4120 837 4189 occurrendum
853 4122 916 4200 ¹sit,
948 4124 1001 4188 aut
1024 4122 1144 4187 nullum
1166 4122 1293 4206 posthac
1322 4119 1460 4184 hrtrram

211 4240 252 4305 sit
275 4239 458 4314 remediumr
482 4241 568 4305 cuius
589 4236 717 4304 remedii
745 4236 919 4302 inveniendi
942 4255 1174 4302 nossummam
1198 4234 1350 4319 quandam
1375 4253 1461 4318 spem

210 4355 242 4419 et
265 4353 438 4438 opinionem
460 4354 493 4418 in
516 4355 568 4419 tua
599 4359 680 4419 ser.ts
707 4352 858 4436 ponimns,
890 4371 966 4436 quae
989 4371 1104 4418 ne-uos
1128 4352 1217 4418 fallat
1246 4350 1340 4416 etiam
1370 4350 1461 4432 atque

196 4470 305 4538 etiam
326 4471 357 4536 19
379 4487 432 4556 per
454 4471 569 4538 uiscera
591 4465 890 4537 misericordiae.Dei
908 4467 1010 4576 ¹nostri
1033 4468 1229 4536 obtestamur.
1261 4463 1335 4551 ,Sed
1357 4463 1394 4532 de
1409 4463 1458 4532 his
