3380 5088
695 343 938 412 -247-

186 539 248 626 piis
270 543 302 610 ot
318 539 503 610 smumribus
525 539 652 608 monitis
668 539 851 625 accipiendis
874 541 966 609 fuerit
988 542 1108 625 paratu
1132 542 1184 627 qui
1200 543 1301 611 studio
1322 543 1439 612 incensi

188 658 298 726 nnus
321 659 440 724 vestm
461 657 682 724 conservrmdae
704 659 735 723 st
757 657 979 736 custodiendae,
1009 658 1146 741 capimus
1169 677 1273 726 curam
1296 660 1328 726 et
1350 660 1438 728 solli-

187 775 355 842 citudinem
376 774 414 841 do
438 773 523 841 vobis
546 791 638 857 quem
661 773 733 839 boni
750 773 883 858 postoris
905 773 1040 840 officium
1063 775 1094 840 et
1115 775 1218 840 noster
1239 775 1273 841 in
1295 795 1348 844 vos
1372 775 1438 842 sin-

187 891 305 976 gularis
321 909 407 956 amor
421 891 564 975 postulat.
611 890 657 956 Ac
671 889 750 974 quod
765 909 819 956 vos
835 891 867 955 in
882 889 998 956 eisdem
1012 889 1125 957 litteris
1140 892 1309 958 numeratis
1324 891 1440 978 aliquot

187 1007 259 1074 fidei
282 1008 405 1074 meree
433 1006 580 1085 articulis,
609 1007 641 1072 et
662 1007 727 1072 illis
749 1009 781 1073 ot
802 1006 928 1092 reliquis
957 1006 1050 1072 tidem
1072 1027 1127 1074 uos
1149 1007 1260 1076 habere
1290 1010 1322 1076 ot
1342 1010 1376 1077 iu
1397 1010 1442 1076 eis

187 1124 317 1192 firmiter
345 1125 468 1190 humere
498 1121 688 1208 significatis,
719 1123 842 1208 gratum
872 1122 1036 1189 admodum
1058 1123 1147 1191 uobis
1169 1126 1225 1205 est,
1255 1127 1290 1192 ut
1311 1125 1443 1210 ingram

186 1243 219 1306 ot
242 1240 423 1326 simpliciter
446 1259 481 1306 cc
504 1238 761 1324 quemadmodum
784 1257 870 1306 ueros
893 1239 1077 1307 christianos
1099 1241 1185 1308 decet
1207 1242 1258 1308 est
1279 1241 1441 1326 prolatum.

190 1357 228 1424 In
250 1375 309 1442 quo
324 1376 429 1424 veroa
451 1355 648 1440 simplicitate
671 1353 836 1433 disceditis,
860 1357 892 1421 ot
913 1355 946 1420 in
968 1375 1003 1422 oo
1027 1357 1133 1424 subest
1147 1355 1241 1438 fieus,
1265 1377 1326 1424 non
1341 1360 1442 1424 reem

191 1473 243 1540 sed
267 1473 460 1540 seductorum
483 1474 661 1550 rostrorum,
691 1491 761 1538 cunr
783 1472 874 1538 aliter
904 1472 1098 1556 interpretari
1127 1473 1315 1541 commotos
1345 1466 1456 1542 nostri

190 1589 380 1656 metimini
393 1589 453 1668 piri
473 1588 557 1674 pleni
580 1588 690 1673 spiritu
706 1589 811 1654 sancto
833 1587 1027 1672 interpretati
1049 1590 1122 1654 sunt
1137 1589 1330 1670 contenditis,
1352 1591 1441 1659 nobis

187 1724 280 1791 grave
295 1707 327 1774 et
341 1706 506 1772 molestum
521 1706 577 1784 est,
601 1704 844 1789 suscipimusque
859 1705 993 1772 dolorem
1016 1723 1107 1791 quem
1121 1705 1306 1774 desiderium
1321 1709 1440 1775 vacuae

188 1823 298 1890 miuus
319 1823 354 1890 in
375 1823 465 1890 nobis
487 1822 606 1890 excitat
651 1822 723 1906 lpso
745 1821 829 1890 enim
850 1822 983 1888 Domim
1004 1822 1139 1890 resuere
1160 1821 1246 1907 prius
1269 1841 1302 1890 se
1323 1823 1440 1892 misam

188 1961 256 2006 mm
280 1941 443 2026 posteaque
466 1939 609 2008 mittente
633 1937 837 2006 sanctissimis
867 1937 1014 2022 apostolis
1036 1939 1068 2004 ot
1090 1957 1195 2006 eorum
1215 1939 1440 2006 successoribus
1499 2025 1502 2034 .

190 2056 317 2140 spiritus
340 2057 464 2122 sanctus
487 2054 577 2122 dctus
592 2057 648 2134 est,
669 2073 729 2140 quo
751 2056 914 2139 praeeunte
928 2054 1070 2139 ploraque
1092 2073 1169 2142 qnae
1190 2054 1223 2122 in
1239 2055 1333 2122 saona
1355 2053 1440 2124 codi-

187 2172 273 2238 cibus
295 2172 433 2240 seriatim
449 2171 617 2256 perscripta
639 2190 700 2238 non
716 2170 961 2238 coornatione
977 2172 1056 2248 sunt
1080 2172 1261 2258 nuncusque
1275 2171 1440 2240 catholicae

187 2289 330 2356 serene
353 2266 425 2354 coa
447 2289 495 2354 esc
517 2287 665 2354 divinitus
694 2286 854 2353 promendi
877 2289 908 2352 c
931 2286 1085 2354 euoenon
1116 2287 1238 2373 singulo
1259 2287 1440 2364 ausonae

189 2405 237 2472 cni
253 2405 306 2489 qui
329 2424 361 2470 ss
376 2423 437 2472 non
461 2403 647 2470 submittunt
669 2421 744 2486 pure
765 2404 796 2468 et
817 2402 920 2480 libere
944 2402 1054 2488 quique
1070 2401 1300 2488 simplicitatem
1315 2403 1439 2487 aposto-

187 2521 264 2587 licae
284 2519 447 2588 locutionis
470 2539 525 2586 suc
541 2517 710 2584 calliditate
725 2519 894 2600 pervertere
916 2520 1072 2597 conantur,
1095 2519 1129 2584 hi
1151 2518 1214 2584 iam
1231 2519 1303 2585 sunt
1317 2518 1354 2586 de
1369 2517 1440 2585 fidei

187 2639 286 2704 rectae
300 2635 493 2702 obseruantia
515 2635 622 2702 inuno
644 2632 799 2719 imprimis
814 2633 985 2700 necessario
1001 2633 1128 2700 articulo
1151 2633 1284 2700 heretica
1300 2634 1439 2718 opinione

187 2752 355 2828 deturbati3
378 2751 428 2818 cui
442 2751 535 2818 otiam
551 2751 645 2817 errori
667 2750 720 2818 ille
742 2750 821 2816 alter
835 2749 959 2829 accedit,
983 2749 1062 2835 quod
1085 2749 1251 2835 seiungunt
1266 2769 1298 2816 se
1321 2767 1438 2816 coom-

189 2869 331 2936 munione
360 2869 541 2934 meatorum.
588 2866 625 2932 In
654 2883 713 2951 quo
742 2883 795 2930 vos
825 2864 883 2930 tilii
913 2863 1107 2932 dilectissimi
1135 2865 1236 2934 videte
1264 2884 1318 2950 per
1339 2865 1439 2932 Deum

187 2983 394 3052 immortalem
408 2982 482 3068 quid
496 2981 606 3068 agatis.
652 2981 711 3047 Tot
725 2981 788 3046 iam
805 2980 923 3059 seculis,
947 2981 993 3046 tot
1008 2981 1154 3059 conciliis,
1178 2982 1333 3048 tantomm
1348 2999 1437 3064 prae·

186 3099 282 3184 captis
311 3101 342 3165 et
371 3098 552 3165 auctoritate
582 3097 755 3162 sanctorum
785 3096 903 3167 retentu
926 3097 957 3162 et
979 3098 1138 3162 observata
1168 3097 1249 3173 eunt,
1278 3114 1348 3162 oum
1378 3095 1439 3162 alie

186 3215 285 3281 multa
314 3213 351 3280 ad
382 3230 485 3280 reram
508 3213 600 3280 fidem
631 3211 815 3295 spectantia,
846 3213 913 3278 tum
935 3212 1038 3296 ipsum
1066 3211 1221 3297 imprimis
1251 3211 1438 3278 sanctissimi

186 3329 325 3418 Corporis
347 3331 378 3397 et
401 3328 566 3414 Sanguinis
595 3327 739 3395 dominici
769 3329 1010 3408 sacramentum,
1040 3327 1119 3412 quod
1141 3345 1197 3394 nos
1220 3327 1351 3394 manime
1373 3328 1438 3394 Deo

185 3447 350 3532 coniungit,
374 3447 535 3531 firmatque
557 3445 590 3512 in
613 3443 700 3512 nobis
725 3462 810 3526 spem
832 3443 925 3509 iidem
947 3444 978 3508 et
993 3443 1182 3510 charitatem.
1227 3443 1276 3509 Ab
1298 3442 1356 3508 hac
1378 3443 1438 3508 tide

185 3582 238 3629 vos
253 3564 284 3628 et
297 3561 492 3628 institutione
514 3579 585 3626 cum
599 3557 766 3639 disceditis,
790 3560 963 3625 sanctorum
986 3577 1024 3626 ns
1040 3559 1246 3626 communioni
1261 3558 1436 3626 adderetis?

186 3677 366 3762 Quanquam
381 3679 456 3744 heac
470 3677 515 3742 ito
537 3676 659 3742 anobis
682 3676 863 3752 scribuntur,
886 3673 974 3758 quusi
988 3674 1022 3740 in
1038 3676 1142 3741 sancto
1157 3675 1313 3760 euangelio
1335 3677 1438 3760 aperte

186 3795 216 3859 et
240 3792 370 3859 dilucide
385 3812 446 3859 non
470 3793 511 3858 sit
526 3791 668 3876 positum,
691 3790 748 3855 hoc
764 3808 831 3855 esse
854 3808 961 3874 corpus
983 3809 1018 3856 ac
1042 3789 1224 3874 sanguinem
1240 3788 1436 3868 dominicum,

185 3927 261 3992 quae
282 3908 375 3975 ruba
397 3906 442 3973 itu
465 3907 546 3972 clara
565 3906 637 3972 sunt
658 3907 693 3970 ut
714 3904 878 3987 interprete
901 3923 961 3970 non
976 3903 1143 3988 indigeant,
1166 3915 1224 3972 cot
1246 3908 1276 3970 ci
1295 3908 1437 3988 require-

184 4033 256 4088 rent
276 4026 572 4108 interprnotr'ocem,
595 4024 665 4105 ipra
681 4021 789 4084 eadem
812 4029 924 4084 coneto
940 4021 1084 4086 Ecclesia
1099 4020 1251 4086 catholico
1269 4029 1299 4084 et
1312 4024 1438 4105 seipso

185 4149 215 4203 et
235 4141 376 4224 oper-itu
389 4140 579 4222 iampridem
594 4136 652 4201 ido
675 4144 720 4200 eet
741 4138 964 4218 icmpremtm
986 4155 1005 4202 a
1027 4155 1154 4221 qnorum
1172 4135 1332 4202 verborum
1356 4137 1436 4203 recto

184 4256 215 4320 et
237 4254 353 4320 sincero
368 4255 413 4338 ,et
435 4253 601 4320 catholicae
630 4249 773 4316 ecclesiae
802 4251 981 4318 auctoritate
1011 4270 1081 4318 oum
1104 4270 1157 4318 vos
1179 4249 1346 4329 disceditis,
1375 4270 1434 4335 quo

185 4370 306 4438 auctore
325 4369 360 4435 id
374 4367 501 4434 facitis?
524 4389 588 4433 con
604 4368 799 4450 Auprcstirco3
822 4385 886 4430 aon
902 4367 1106 4446 Hieronicam
1128 4389 1191 4432 non
1209 4364 1434 4444 Odrroootomo5

183 4506 246 4552 con
270 4487 334 4570 qroo
357 4483 499 4552 ecclesiae
521 4505 559 4548 ao
584 4484 725 4567 pontium
756 4481 877 4545 doctore
899 4490 929 4546 ct
949 4505 1022 4548 voce
1045 4483 1200 4548 electionis
1223 4482 1344 4560 Pacta·
1374 4501 1433 4549 nou
