3366 5084
226 291 273 360 VI

227 492 379 576 principes
409 493 511 572 misit,
541 491 723 578 quibusdam
753 491 966 558 historicarum
1000 511 1102 558 rerum
1136 489 1333 577 scriptoribus
1363 491 1478 577 ignote,

228 607 282 691 qui
302 627 373 673 eum
396 609 529 692 arguunt
558 607 683 692 proinde
712 627 748 674 ac
770 608 797 673 si
825 608 994 691 periculum
1017 605 1192 692 Hungerisc
1220 609 1399 692 impendens
1422 627 1476 674 ne·

229 722 382 806 glexisset.
429 725 506 800 „Aa
527 727 611 788 tuac
640 726 731 799 dmm,
762 724 864 806 inquit
885 723 1027 807 pontifex,
1057 745 1125 808 spes
1152 724 1284 789 dhaem
1313 727 1478 788 notionum

229 841 347 904 bosom
373 843 512 905 maciaco
536 841 723 924 praesidiis,
753 843 869 903 racemis
887 843 1028 924 pecccatis
1050 849 1225 905 materiato
1248 851 1307 916 oet,
1336 861 1479 924 nuncque

229 957 370 1037 peditum
401 958 535 1038 quiaque
564 955 682 1031 millio,
714 957 826 1038 equites
855 957 1002 1020 ducentos
1031 959 1088 1020 sub
1116 959 1215 1038 siquis
1244 959 1278 1020 r'a
1302 955 1478 1040 Hunparia

230 1069 441 1154 boboncc.“¹)
472 1071 516 1136 At
534 1069 666 1148 Carolus,
689 1069 841 1154 pontificis
863 1070 1058 1136 hortamento
1080 1069 1267 1154 consilioque
1289 1071 1479 1154 cspemetus,

229 1184 455 1264 Columnenses
478 1185 617 1251 homines
641 1185 832 1251 turbulentos
854 1187 886 1251 et
908 1184 947 1250 nd
970 1185 1073 1251 omnic
1094 1185 1230 1251 iocinore
1258 1188 1389 1270 paratos,
1418 1186 1476 1250 sti·

230 1303 377 1380 mulabat,
400 1304 434 1368 ut
455 1302 600 1385 populum
622 1301 795 1367 Romanum
817 1301 857 1367 ad
879 1301 1074 1368 rebellionem
1094 1301 1222 1367 innitere
1244 1303 1266 1367 t.

320 1417 412 1484 tirius
434 1417 479 1483 rei
501 1420 680 1501 argumento
703 1419 751 1482 est
772 1419 839 1484 tum
862 1417 991 1502 epistola
1013 1416 1179 1485 Clementis
1202 1419 1241 1484 ud
1263 1437 1367 1504 regem
1387 1417 1478 1483 Irnsi-

230 1533 372 1621 crime)
395 1534 450 1601 ubi
470 1533 648 1600 huiusmodi
669 1533 751 1599 artes
773 1535 804 1600 et
825 1532 974 1600 immonis
997 1534 1109 1600 scelera
1131 1536 1293 1600 narrentur
1315 1535 1348 1599 in
1369 1551 1479 1618 perpe-

155 1715 158 1722 ,
230 1652 318 1716 tuum
341 1651 471 1716 istorum
486 1649 613 1716 dedecus
629 1651 720 1734 atque
742 1649 958 1733 ignominiam
981 1651 1048 1716 tum
1066 1650 1213 1734 epistolae
1227 1650 1379 1717 Bonilacli
1393 1649 1480 1716 VIII.

231 1767 419 1850 aliorumque
440 1766 619 1850 pontificum
641 1765 856 1845 Romanorum,
879 1765 932 1849 qui
954 1764 1170 1832 Oolnmnenses
1192 1766 1354 1850 perhibent
1376 1765 1477 1832 domi-

232 1882 326 1948 nandi
347 1881 474 1947 libidine
497 1881 690 1948 nobilitatem
713 1880 833 1964 generis
855 1879 986 1965 turpiter
1007 1880 1153 1948 foedasse.

320 1997 449 2063 Interim
478 1996 611 2064 Jacobus
642 1995 802 2062 Sadoletus
832 1996 916 2062 Urbe
944 1996 1103 2081 profectus,
1134 1995 1411 2082 carpentoractum
1441 1997 1480 2062 ad

232 2133 320 2180 sunm
349 2113 551 2198 episcopalem
581 2112 682 2180 sedem
707 2131 739 2178 se
761 2112 944 2188 contuleret;
973 2112 1124 2179 idcircca
1154 2133 1258 2179 mense
1280 2114 1382 2198 Aprili
1408 2113 1481 2179 enni

235 2231 318 2298 1527
336 2229 454 2295 nullam
470 2229 502 2294 in
518 2229 665 2295 Vaticano
688 2227 810 2294 archivo
825 2227 960 2294 invenire
974 2229 1023 2293 est
1038 2229 1183 2313 scriptam
1199 2231 1237 2294 cb
1253 2249 1287 2296 co
1303 2230 1480 2314 epistolem3

232 2364 426 2430 quamquem,
449 2363 526 2429 quae
549 2346 720 2429 supersunt
747 2361 807 2410 non
829 2360 934 2409 omues
958 2346 1158 2427 opportumum
1182 2344 1323 2411 duximus
1346 2345 1482 2430 integras

233 2463 407 2541 exscribere,
431 2461 484 2527 sed
506 2461 724 2527 nonnullarum
752 2461 968 2544 crgormentum
991 2460 1203 2527 tantummodo
1226 2462 1376 2544 praebere,
1406 2479 1484 2544 quse

233 2579 282 2644 vel
302 2578 390 2662 perui
413 2578 485 2642 sunt
507 2577 658 2661 ponderis,
680 2576 729 2642 rel
750 2575 861 2641 iisdem
883 2576 945 2641 fere
967 2575 1106 2642 formulis
1129 2579 1278 2642 constant

323 2696 360 2759 ln
375 2695 508 2759 extremo
523 2691 643 2772 codicis,
667 2692 720 2757 ubi
739 2691 855 2775 primes
871 2690 1006 2758 Sedoleti
1028 2692 1260 2776 perscriptiones
1283 2692 1483 2772 continentur,

232 2810 405 2876 invenimus
427 2809 573 2893 epistolas
596 2808 682 2888 clius,
713 2826 788 2893 qnae
810 2808 914 2874 Blcsic
939 2808 1116 2874 tribuendae
1138 2807 1292 2884 videntum
1315 2808 1395 2874 uude
1417 2808 1480 2874 uti·

233 2926 324 2992 liores
346 2925 558 3009 excerpsimus,
581 2924 669 2991 illem
687 2924 875 3009 praesertim,
899 2923 938 2990 ad
954 2943 1110 2990 summum
1133 2923 1272 3008 equitum
1295 2923 1482 2989 Rhodiorum

234 3040 420 3125 magistrum
435 3041 548 3119 domm,
570 3039 603 3106 iu
618 3059 678 3123 que
692 3040 793 3106 multe
807 3039 949 3106 dicuutur
965 3039 1001 3105 de
1017 3039 1141 3106 Meliten
1155 3039 1274 3106 insulae
1290 3039 1484 3123 occupatione

236 3157 333 3240 dequo
353 3155 680 3240 ierosolymitanornm
695 3154 831 3238 equitnm
847 3155 917 3239 post
931 3155 1078 3221 amissam
1093 3153 1235 3222 Rhodum
1255 3154 1483 3221 deliberationi·

235 3273 293 3339 bus
316 3273 348 3337 et
362 3270 507 3340 consiliis.
513 3271 539 3358 ⁸)
578 3270 726 3355 Deinceps
743 3271 820 3336 elias
835 3269 1009 3336 addidimus
1024 3270 1202 3354 desumptus
1225 3289 1261 3336 ex
1276 3270 1483 3337 voluminibus

235 3386 434 3472 epistolarum
464 3387 503 3452 ad
532 3387 613 3453 viros
642 3386 808 3470 principes,
839 3387 869 3450 et
898 3405 933 3450 er
956 3386 1055 3452 tribus
1076 3386 1300 3466 voluminibus,
1330 3387 1385 3452 ubi
1413 3386 1486 3452 sunt

235 3503 381 3588 epistolae
404 3503 557 3569 variorum
579 3501 619 3567 nd
638 3501 826 3568 Clementem
841 3502 919 3580 Vll,
942 3501 975 3566 in
998 3503 1119 3568 archivo
1135 3502 1284 3567 Vaticano
1307 3503 1485 3567 adservatis.

237 3619 320 3685 Haec
342 3620 445 3684 eutem
459 3618 521 3683 trie
535 3618 699 3698 volumina,
722 3636 817 3701 quum
839 3637 874 3682 er
890 3618 1059 3683 coniunctis
1073 3618 1271 3702 epistolarum
1288 3617 1486 3703 autographis

236 3734 468 3819 archetypisque
482 3733 651 3818 composite
665 3733 737 3813 sint,
752 3735 872 3799 nullum
887 3732 1014 3799 dubium
1029 3735 1131 3818 potest
1139 3733 1219 3813 oriri,
1235 3734 1309 3817 quin
1318 3733 1484 3818 genuinum

237 3869 272 3916 uc
296 3850 447 3916 sincerum
476 3867 552 3933 opus
575 3867 641 3915 esec
664 3848 803 3927 debeant,
832 3849 943 3933 quippe
966 3868 1042 3933 quae
1065 3869 1178 3934 magne
1208 3869 1243 3916 ex
1265 3853 1352 3934 perte
1381 3850 1486 3934 sigilla

238 3966 337 4032 edbnc
365 3965 524 4050 perspicua
553 3967 585 4031 et
606 3966 703 4032 ferme
731 3966 851 4050 integra
880 3985 951 4050 pres
974 3985 1006 4030 se
1035 3965 1144 4031 femnt.
1190 3967 1234 4032 Er
1257 3966 1296 4032 iis
1326 3965 1487 4032 occurmut

237 4082 392 4166 epistolae,
415 4101 490 4166 ques
514 4083 660 4166 scripsere
683 4081 808 4148 Carolus
823 4082 869 4160 V.‚
893 4083 1072 4150 Flnnciscns
1095 4084 1128 4162 1.,
1151 4083 1360 4149 Fordinandus
1383 4083 1484 4149 archi·

238 4198 298 4265 dur
327 4198 486 4278 nustriae,
520 4197 694 4263 Hadrianus
724 4197 761 4264 de
791 4196 883 4282 drop,
912 4197 1058 4265 foederati
1087 4199 1260 4279 Heluetiae,
1296 4199 1486 4264 marchiones

333 4447 351 4514 ι)
371 4453 425 4498 ooo.
448 4451 643 4510 reamissa.
681 4447 701 4512 η
720 4451 775 4500 uos.
798 4453 854 4511 rec,
874 4451 914 4499 or.
935 4451 1083 4500 sor-ses.
1122 4448 1141 4511 ⁸1
1161 4451 1217 4500 noc.
1238 4453 1295 4512 los,
1317 4450 1358 4500 ror.
1378 4453 1438 4500 esa.
