3364 5102
783 413 1027 479 -330-

867 753 941 818 248.

544 915 650 976 Card.
673 917 719 976 de
741 917 975 990 Lothariugla
996 915 1168 976 Clementi
1193 919 1264 976 vn.

727 1027 813 1112 (Litt.
828 1026 924 1110 princ.
939 1026 995 1091 ΙΙΙ.
1012 1025 1079 1110 48).

748 1143 814 1228 (12.
830 1142 937 1208 Martii
955 1141 1063 1227 1525).

367 1301 437 1368 Non
459 1322 508 1368 me
531 1304 610 1368 clam
641 1305 696 1380 est,
726 1303 903 1368 beatissime
926 1305 1020 1386 pater,
1051 1303 1213 1370 dolendum
1243 1325 1312 1369 cum
1342 1304 1450 1388 primis
1473 1305 1531 1372 dc-

276 1415 515 1501 plorandumque
530 1419 685 1484 Francisci
707 1419 788 1503 regis
804 1437 872 1484 vere
888 1419 1139 1486 christianissimi
1161 1439 1275 1499 casum
1298 1419 1356 1486 tibi
1371 1423 1435 1486 tam
1452 1421 1533 1486 satis

256 1527 424 1617 'superque
446 1537 554 1600 notum
576 1553 656 1612 esse3
681 1536 734 1619 qui
756 1535 829 1600 dum
852 1535 885 1600 iu
907 1535 1033 1601 Italiam
1055 1535 1178 1601 nonnisi
1200 1536 1373 1602 invincibili
1396 1536 1532 1620 quadum

275 1667 347 1732 erga
372 1669 458 1714 suern
488 1651 634 1716 ditionem
663 1651 777 1734 pietate
806 1652 978 1734 protractus
1001 1653 1097 1728 esset,
1127 1671 1207 1717 nunc
1228 1653 1305 1734 proh
1334 1651 1433 1730 dolor,
1463 1653 1530 1716 tam

274 1765 429 1830 luculenta
458 1765 633 1831 calamitate
655 1767 689 1832 in
718 1767 852 1832 hostium
878 1786 987 1833 manus
1010 1766 1158 1833 inciderit.
1204 1767 1241 1832 Id
1269 1768 1350 1852 quod
1373 1787 1445 1834 sane
1468 1767 1531 1834 nisi

275 1880 482 1947 certissimum
504 1882 657 1960 haberem,
681 1900 742 1947 non
757 1883 834 1947 citra
856 1883 982 1948 fatalem
1000 1884 1057 1948 Dei
1080 1883 1193 1967 optimi
1214 1883 1342 1948 maximi
1364 1883 1528 1967 providen-

275 1996 353 2062 tiam
375 1997 540 2081 contigisse
563 1997 615 2081 qui
638 1997 717 2062 nihil
747 2016 808 2064 non
832 1999 1058 2082 sapientissime
1081 1999 1223 2082 disponit
1253 2002 1357 2065 nostro
1381 1999 1529 2064 nimirum

275 2115 339 2178 tam
364 2113 480 2198 insigni
503 2113 599 2179 dolori
629 2115 732 2180 nullae
763 2115 839 2180 satis
862 2115 1037 2199 lachrymae
1069 2115 1248 2181 sufficerent.
1296 2115 1410 2182 Varum
1433 2135 1530 2199 quum

276 2247 345 2311 spes
368 2229 410 2294 sit
424 2229 561 2294 tuburum
583 2231 618 2294 ut
640 2230 810 2313 quamlibet
832 2232 973 2297 scarbum
996 2231 1076 2296 hunc
1092 2249 1198 2296 casum
1219 2231 1254 2297 in
1277 2251 1432 2296 summum
1456 2233 1527 2296 tan-

275 2343 344 2409 dem
369 2345 454 2410 illius
477 2347 675 2429 nostrumque
698 2345 965 2413 omniumbonum
988 2348 1088 2412 venat
1111 2366 1249 2412 summus
1272 2347 1325 2412 ille
1341 2365 1442 2412 rerum
1466 2347 1526 2412 hu-

274 2479 435 2525 manarum
458 2459 657 2544 dispensator,
679 2461 758 2526 mihi
780 2461 903 2546 quidem
921 2462 1001 2528 nihil
1024 2463 1122 2527 satius
1145 2481 1211 2528 esse
1227 2462 1353 2540 videtur,
1376 2481 1469 2546 quam
1493 2465 1528 2527 ut

274 2575 371 2659 ipsius
393 2575 609 2660 indeprecabili
631 2576 717 2642 iuxta
739 2595 775 2642 ao
798 2578 1011 2643 sanctissimae
1033 2577 1184 2644 voluntati
1211 2579 1316 2644 nosha
1337 2578 1526 2661 respondeat

273 2691 379 2775 Neque
409 2711 529 2758 rursum
559 2694 664 2758 tamm
686 2694 803 2776 patitur
832 2695 936 2759 nostra
965 2693 998 2759 in
1020 2693 1110 2759 illurn
1141 2713 1262 2758 summa
1291 2694 1389 2776 pietas
1419 2694 1525 2758 obser·

271 2807 434 2892 vantiaque
465 2807 639 2892 singularis,
670 2807 722 2891 qui
752 2809 817 2872 tarn
840 2809 948 2874 multis
978 2809 1153 2875 nominibus
1176 2808 1213 2874 de
1236 2828 1286 2874 me
1315 2811 1380 2874 um
1410 2808 1526 2891 opthnc

272 2921 400 2988 meritus
423 2925 478 3001 est
502 2925 589 2988 unta
612 2923 706 2988 etiam
728 2923 940 2990 benevolentia
963 2927 1067 3008 totque
1095 2924 1168 2990 adeo
1191 2943 1226 2990 ac
1249 2925 1346 2990 tantis
1369 2924 1525 2990 beneficiis

271 3039 454 3121 prosecutus,
478 3038 551 3122 quin
574 3038 684 3122 optimi
705 3039 996 3124 clementissimique
1018 3040 1165 3123 principis
1187 3040 1437 3124 indignissimam
1461 3039 1524 3108 for-

175 3129 184 3144 ’
272 3155 387 3232 tunam,
410 3155 482 3219 tuac
505 3173 528 3220 s.
552 3155 762 3237 quampossim
786 3154 1010 3221 studiosissime
1033 3156 1251 3235 commendem
1274 3156 1444 3241 quamlibet
1466 3155 1525 3220 tibi

270 3269 385 3352 alioqui
407 3289 460 3353 per
483 3289 516 3336 se
539 3269 602 3354 (sat
625 3269 700 3355 scio)
726 3271 1067 3352 commendatissimam.
1113 3269 1206 3338 (ludus
1236 3274 1325 3338 rebus
1353 3272 1466 3354 pariter
1489 3289 1524 3337 ac

270 3383 365 3450 totius
389 3384 573 3450 christianae
603 3386 785 3469 reipublicae
808 3387 885 3470 paci,
915 3387 1028 3466 unioni,
1059 3387 1338 3471 tranquillitatique
1368 3387 1523 3452 consulere

270 3500 297 3565 si
312 3501 477 3578 conaberis,
500 3501 593 3566 facies
616 3500 695 3586 quod
711 3500 827 3568 Christi
850 3503 883 3568 in
904 3503 1015 3587 primis
1034 3502 1145 3570 'vicario
1168 3503 1297 3587 dignum
1312 3505 1368 3580 est
1392 3501 1523 3568 necarit

269 3614 348 3699 quod
372 3616 434 3681 lore
457 3616 632 3682 dubitemus
655 3617 730 3701 quin
752 3617 801 3682 bis
825 3619 1022 3701 quantumvis
1052 3619 1237 3684 turbulentis
1260 3637 1362 3684 rerum
1392 3616 1522 3684 exordiis

268 3731 427 3798 secundior
443 3731 584 3798 succedat
606 3733 713 3799 exitus.
744 3733 838 3798 Porro
853 3734 992 3817 pluribus
1008 3735 1057 3800 hic
1082 3734 1181 3800 verbis
1197 3753 1267 3799 cum
1282 3754 1306 3798 c.
1323 3735 1343 3798 t.
1361 3753 1383 3798 s.
1400 3751 1521 3817 agerem

268 3845 329 3910 nisi
351 3845 408 3911 illo
437 3865 472 3912 eo
502 3865 621 3930 semper
643 3847 738 3914 fuisse
767 3848 890 3932 ingenio
913 3851 1069 3933 comptum
1092 3850 1236 3914 haberem
1266 3851 1301 3915 ut
1322 3867 1397 3933 quos
1427 3849 1522 3914 semel

268 3961 347 4026 tueri
370 3961 490 4045 ceperit
513 3981 573 4027 non
597 3963 733 4046 quiescat
755 3963 848 4028 donec
871 3965 961 4046 plane
983 3965 1141 4030 continuet
1163 3965 1218 4029 etc.
1298 3939 1308 3956 ’

357 4075 499 4165 Lugduni
522 4096 625 4142 mense
648 4077 755 4143 Martii
777 4077 827 4143 rii.

1180 4312 1213 4377 hl.
1238 4329 1260 4376 s.
1285 4311 1306 4376 t.

1068 4425 1251 4492 Humillimc
1275 4427 1419 4490 creatura.

988 4541 1036 4609 do.
1060 4540 1230 4607 Cardinalis
1253 4541 1290 4607 de
1312 4539 1521 4625 Lotharingia.
1664 4523 1665 4530 ἵ
