3396 5090
665 336 909 404 *aab-

159 536 312 606 laetitiam
326 533 622 622 expectationemque
645 553 747 601 rerum
762 533 923 600 mehorum
938 532 1038 598 fausto
1053 531 1137 617 pacis
1153 531 1279 618 augurio
1295 531 1408 600 nostris

160 653 262 722 verbis
285 651 516 720 communicent.
556 647 672 730 Quibus
696 654 792 715 ser.tos
807 650 860 714 toa
883 647 974 714 fidem
990 648 1122 714 habebit
1161 649 1277 716 Datum
1295 650 1410 716 Romae

162 769 211 835 die
234 789 259 836 r.
283 768 390 834 Martii
412 767 541 835 mclxxvi.
588 766 676 832 Anno
698 765 797 832 tertio.

251 1001 329 1085 Regi
351 999 566 1084 Portugalliae.
590 1036 634 1046 -
657 997 912 1064 Commendatitia
942 1016 995 1080 pro
1018 998 1178 1064 lhandsco
1201 999 1344 1064 Barbosa.
1369 1035 1412 1045 -

162 1118 220 1185 xix.
243 1116 349 1182 Martii
370 1115 501 1182 mdxxri.

758 1377 829 1442 174.

592 1542 783 1602 Archiduel
810 1533 989 1622 (nustriae).

256 1698 374 1764 Dilecta
396 1696 450 1762 fili
496 1693 582 1776 Quod
605 1715 661 1762 nos
684 1695 721 1762 de
743 1714 778 1761 ea
807 1713 993 1779 numquam
1023 1714 1076 1779 pro
1099 1695 1282 1763 christianae
1311 1697 1415 1782 reipu-

168 1815 264 1881 bheae
293 1814 377 1880 statu
399 1814 430 1880 et
451 1811 539 1897 regni
561 1811 716 1896 Ungariae
746 1812 844 1878 salute
874 1811 1057 1896 suscipimus
1088 1811 1232 1879 nobilitas
1253 1815 1308 1880 tua
1330 1833 1415 1880 come

168 1930 300 2010 mandat
323 1929 517 2014 agnoscimus
546 1929 611 1994 eius
633 1927 803 1994 bonitatem
825 1928 857 1992 ot
878 1945 951 2012 ergo
979 1927 1079 1994 Deum
1108 1929 1317 2009 reverentiam,
1347 1949 1415 1996 ma·

168 2065 320 2132 gnamque
343 2065 429 2130 spem
450 2044 484 2110 in
506 2046 560 2110 tua
582 2043 694 2109 uirtute
723 2043 865 2128 ponimus
892 2045 996 2109 tantae
1018 2044 1223 2128 impendentis
1250 2045 1346 2112 cladis
1369 2048 1417 2113 vel

169 2161 347 2229 evomendas
369 2161 418 2227 rel
439 2161 473 2226 in
494 2160 616 2244 longius
640 2161 761 2244 tempus
784 2159 981 2236 differendam
1004 2160 1163 2244 praecipue
1178 2161 1260 2228 enim
1283 2161 1415 2228 arbitra·

170 2297 238 2342 mur
261 2295 380 2344 ser.olum
403 2277 529 2342 fratrem
552 2278 640 2342 tuum
661 2278 714 2341 tua
737 2276 917 2341 auctoritate
941 2277 1060 2341 motum
1081 2277 1121 2343 iri
1143 2279 1178 2343 ut
1201 2278 1417 2362 cogitationem

169 2395 248 2459 hanc
270 2392 397 2477 dignam
420 2392 468 2458 sni
489 2391 622 2459 nominis
644 2391 857 2477 magnitudine
887 2391 1041 2476 suscipiat.
1087 2391 1152 2460 Nos
1175 2394 1298 2478 quidem
1321 2395 1419 2479 quoad

169 2509 335 2594 poterimus
358 2527 453 2593 noque
476 2527 530 2592 ope
553 2507 736 2574 desistemus
750 2526 847 2592 neque
871 2507 1032 2592 diligentia
1054 2510 1088 2573 ut
1106 2508 1171 2574 illis
1194 2510 1297 2595 regnis
1320 2529 1417 2595 popu-

168 2625 267 2710 lisque
289 2624 499 2690 laborantibus
516 2623 718 2690 subveniatur.
766 2621 851 2704 Quod
873 2625 905 2689 et
926 2623 1048 2689 assidue
1063 2624 1202 2690 facimus.
1248 2624 1319 2692 Non
1337 2626 1419 2692 enim

170 2741 381 2808 existimamus
395 2740 501 2825 ignota
523 2739 582 2806 tibi
603 2758 670 2805 esse
692 2758 782 2822 opera
803 2716 836 2805 et
850 2739 978 2805 consilia
1000 2741 1112 2806 nostra.
1161 2738 1247 2820 Quod
1270 2759 1339 2830 uero
1362 2760 1420 2808 nos

171 2857 305 2924 hortaris
313 2857 349 2922 ut
357 2856 396 2922 ad
405 2855 519 2923 dietam
530 2853 704 2939 Spirensem
719 2874 795 2939 quae
804 2855 939 2939 proxime
947 2854 1063 2922 indicta
1071 2857 1128 2936 est
1138 2857 1267 2922 volimus
1281 2857 1420 2942 legatum

172 2974 324 3040 exlatere
346 2974 450 3039 nostro
472 2991 568 3038 unum
591 2991 626 3038 er
648 2988 752 3038 uenum
777 2972 907 3038 fratrum
936 2973 1110 3038 nostrorum
1132 2971 1262 3058 collegio
1282 2972 1421 3050 mittere;

172 3090 296 3156 omnino
319 3089 424 3173 magni
447 3088 596 3155 momenti
617 3087 698 3171 apud
720 3105 776 3153 nos
799 3089 847 3153 est
869 3087 1003 3154 hortatio
1026 3088 1087 3168 tua,
1119 3087 1172 3154 sed
1194 3089 1293 3154 multa
1315 3108 1421 3156 rursus

173 3206 368 3274 occurrebant
390 3223 466 3288 quae
481 3203 514 3269 id
528 3203 617 3270 nohis
632 3203 794 3270 consilium
810 3203 1036 3280 dissuaderent;
1059 3222 1135 3288 quae
1159 3221 1193 3269 oo
1211 3204 1306 3271 etiam
1321 3206 1422 3288 magis

173 3341 230 3389 nos
244 3321 396 3388 haesitare
410 3321 579 3405 coegerunt
603 3319 684 3405 quod
704 3338 737 3385 re
752 3319 854 3386 delata
876 3320 914 3385 ad
929 3324 1030 3386 venl⁰⁸
1046 3320 1155 3386 fratres
1170 3321 1299 3400 nostros,
1322 3320 1422 3386 sensi-

174 3458 245 3505 mus
267 3456 372 3504 omnes
396 3437 488 3504 dubia
503 3455 570 3502 esse
586 3435 738 3502 sententia
760 3435 834 3519 qrdd
847 3435 936 3502 nohis
958 3434 1155 3520 potissimum
1169 3433 1342 3502 faciendum
1357 3455 1423 3502 esse

175 3555 405 3621 arbitrarentur.
450 3552 557 3636 Itaque
579 3550 700 3617 consilii
723 3551 821 3616 adhuc
843 3553 874 3617 et
897 3551 1124 3618 deliberationis
1146 3551 1263 3631 incerti,
1292 3552 1422 3617 manda-

174 3672 277 3736 rimus
300 3669 393 3736 scribi
415 3668 467 3734 dil
483 3667 520 3734 fr.
536 3667 721 3752 Hieronymo
736 3668 862 3734 Borario
885 3667 994 3733 nuncio
1017 3668 1120 3733 nostro
1143 3668 1342 3752 cogitationes
1366 3687 1424 3734 no·

176 3789 256 3852 strae
279 3787 313 3852 ut
334 3786 363 3851 is
385 3786 485 3850 tenum
509 3783 754 3863 communicaret
777 3783 826 3848 oui
848 3785 955 3850 nob.tes
973 3785 1027 3849 tua
1049 3783 1140 3850 fidem
1164 3783 1297 3850 habebit.
1342 3784 1425 3852 Illud

177 3901 299 3986 quidem
329 3900 408 3985 quod
431 3903 463 3967 et
492 3900 532 3965 ad
561 3899 697 3965 officium
725 3901 865 3966 nostrum
894 3899 1026 3982 pertinet
1055 3900 1086 3966 et
1109 3899 1148 3964 ad
1178 3899 1310 3984 gloriam
1338 3902 1425 3968 tuam

177 4017 438 4101 stabilitatemque
468 4017 538 4082 tuae
560 4018 720 4100 perpetuae
750 4015 830 4098 apud
854 4035 1009 4082 summum
1031 4015 1131 4082 Deum
1161 4018 1192 4082 et
1213 4016 1353 4083 homines
1375 4016 1424 4082 di-

176 4134 315 4219 gnitatis‚
337 4153 398 4201 non
421 4133 599 4200 desistimus
622 4133 739 4198 nob.tem
762 4133 848 4198 tuam
878 4132 993 4198 hortari
1016 4149 1138 4198 monere
1160 4151 1274 4217 rogare,
1304 4134 1340 4198 ut
1362 4133 1426 4199 sire

112 4237 115 4244 ¹
177 4267 232 4317 nos
255 4250 431 4316 miserimus
453 4249 591 4334 legatum
614 4249 677 4314 sive
700 4268 770 4328 non,
799 4247 891 4314 fidem
915 4246 1031 4315 Christi
1052 4248 1111 4314 Dei
1133 4251 1165 4314 et
1187 4250 1305 4314 statum
1327 4249 1423 4315 eccle·

177 4367 294 4434 siastici
315 4367 438 4434 honoris
461 4367 573 4432 habeat
603 4365 776 4449 siliquam
799 4365 1053 4446 commendatum,
1083 4384 1211 4450 quorum
1234 4366 1299 4432 sine
1328 4364 1425 4432 altera

178 4483 263 4550 nulla
286 4485 378 4562 salus,
401 4484 467 4550 sine
488 4483 583 4549 altero
606 4501 675 4550 uero
698 4481 798 4548 omnis
820 4483 854 4547 iu
875 4482 1034 4566 praecipiti
1056 4482 1088 4548 et
1102 4482 1136 4547 in
1158 4481 1284 4548 obscuro
1307 4481 1355 4548 est
1377 4481 1426 4547 di·

231 4608 333 4658 tpmom
347 4609 453 4646 mnus·
468 4609 515 4652 ru.
1226 4589 1266 4658 15
