3346 5084
674 407 920 477 -471-

169 602 274 670 audire
296 604 402 688 petens
417 602 608 688 pronuntiari
630 605 661 671 et
683 603 838 685 declarari,
861 606 896 671 ut
918 605 997 671 alias
1020 607 1051 671 et
1067 603 1235 672 successive
1258 603 1422 670 dictumst

168 739 222 786 sen
245 720 327 786 dicta
356 699 585 803 transumptum
614 739 667 785 sen
690 721 895 804 tramsurnpta
925 721 1101 800 auscultari,
1131 722 1163 786 et
1186 739 1239 785 seu
1268 719 1419 786 committ‘

167 834 206 900 ad
229 834 463 901 auscultandum
492 854 545 918 per
574 835 692 919 aliquos
719 836 854 904 notarios
883 835 983 902 dictae
1012 836 1148 902 civitatis
1170 835 1334 901 Ravennae
1360 853 1421 900 una

166 950 295 1017 insimul
317 970 387 1016 cum
402 951 484 1018 dicto
506 950 535 1017 d.
551 951 649 1018 iudice
665 953 696 1018 et
719 953 938 1030 commissario,
961 952 1072 1036 quibus
1094 949 1276 1017 auscultatis
1298 951 1330 1016 et
1345 969 1419 1016 cou-

166 1066 283 1134 cordari
305 1067 439 1132 inventis
468 1086 538 1133 cum
561 1067 653 1133 dictis
676 1087 780 1134 eorum
809 1068 939 1152 propriis
962 1067 1163 1153 originalibus
1186 1068 1218 1132 et
1240 1065 1420 1132 matricibus

165 1181 358 1267 pronunciari
380 1183 412 1248 et
435 1182 582 1249 declarari
604 1184 679 1249 bene
701 1185 733 1249 et
754 1183 895 1267 legitime
924 1183 1019 1251 fuisse
1042 1185 1073 1250 et
1096 1202 1163 1250 esse
1186 1183 1366 1262 auscultata,
1389 1182 1420 1248 et

164 1298 293 1364 insimul
316 1297 489 1366 concordari
511 1298 636 1364 iuventa
658 1299 793 1383 ipsisque
823 1299 1013 1382 pronuntiem¹
1036 1299 1068 1364 et
1090 1298 1237 1366 declarari
1260 1298 1298 1364 dc
1320 1298 1419 1364 cetero

164 1415 342 1498 perpetuam
373 1413 404 1480 et
435 1413 642 1481 indubitatam
679 1412 772 1480 fidem
801 1413 940 1480 adhiberi
970 1433 1037 1480 ease
1069 1414 1102 1479 in
1133 1413 1244 1480 iudicio
1273 1414 1419 1481 etenira

164 1530 436 1615 auctoritatemque
458 1529 571 1615 puriter
586 1531 618 1597 ct
632 1530 787 1597 decretum
803 1530 956 1615 interponi
969 1530 1100 1614 predicti
1115 1530 1230 1597 domini
1246 1529 1417 1614 potestatis,

164 1647 195 1734 et
217 1644 420 1714 commissarii
443 1665 479 1711 ac
501 1645 636 1730 prefatae
666 1665 805 1714 cesareae
828 1647 1009 1728 maiestatis,
1041 1649 1073 1713 et
1101 1647 1185 1735 orpni
1214 1646 1274 1714 alio
1297 1644 1418 1713 meliori

162 1761 253 1829 modo
276 1763 330 1830 etc.

252 1878 397 1945 Prosente
418 1877 500 1944 dicto
515 1877 638 1944 domino
654 1877 780 1944 Nicolao
804 1877 884 1944 dicto
907 1879 1039 1959 nomine,
1062 1881 1093 1945 et
1107 1878 1235 1963 prelatis
1250 1876 1415 1944 inherendo

161 1991 303 2060 omnibus
326 1993 397 2068 aliis
412 1993 503 2059 dictis
526 1993 658 2077 exceptis
673 1994 705 2061 et
727 1993 882 2078 replicabo
898 1994 1034 2078 presenti
1056 1994 1105 2060 die
1123 1995 1242 2061 dicente
1258 2013 1319 2061 non
1341 2012 1415 2060 con·

162 2107 274 2176 sentire
296 2127 413 2175 necnon
434 2109 553 2175 dicente
575 2128 636 2176 non
651 2128 718 2176 esse
740 2109 961 2176 deveniendum
984 2109 1023 2175 ad
1038 2111 1191 2178 modiatas
1213 2109 1326 2194 petitas
1344 2129 1414 2175 cum

160 2243 221 2291 non
245 2224 308 2290 sint
330 2225 415 2290 iuxta
444 2224 574 2290 formam
597 2225 629 2290 et
650 2226 788 2291 tenorem
816 2225 977 2291 literarum
999 2225 1207 2310 imperialium
1237 2225 1290 2293 sed
1312 2225 1415 2309 potius

159 2341 265 2407 contra
287 2340 418 2406 formam
440 2357 554 2418 aarum
584 2358 602 2405 a
624 2360 684 2425 qua
707 2341 804 2407 forma
834 2341 952 2408 dicente
975 2341 1057 2408 nolle
1086 2341 1223 2409 recedere
1245 2361 1300 2408 nec
1329 2360 1413 2408 rece-

159 2455 291 2524 dendum
315 2474 381 2522 esse
410 2476 464 2540 per
492 2455 645 2540 prefatum
668 2456 695 2522 d.
725 2458 878 2540 pretorem
900 2459 932 2524 et
959 2459 1063 2542 ipsum
1092 2458 1204 2524 babere
1233 2455 1414 2523 mandatum
1480 2469 1484 2478 ·

159 2572 328 2638 limitatum
357 2572 397 2639 ab
419 2571 464 2638 ill.
488 2572 516 2638 d.
539 2571 614 2639 duce
637 2573 702 2638 eius
732 2573 907 2658 principale,
938 2592 1038 2658 aquo
1061 2593 1123 2640 non
1151 2572 1329 2640 intendente
1359 2592 1415 2640 neo

158 2687 223 2754 eius
246 2688 322 2755 fines
345 2687 519 2772 transgredi
540 2687 623 2754 ultra
644 2687 724 2772 quod
747 2687 825 2754 dixit
847 2688 927 2774 quod
950 2690 1007 2755 hoc
1029 2708 1120 2757 mane
1142 2689 1266 2756 fuerunt
1288 2686 1411 2754 auscul-

156 2805 223 2870 tata
245 2805 276 2870 et
298 2805 525 2887 transumptata
547 2805 664 2869 asserta
686 2803 892 2871 instrumenta
914 2823 975 2871 non
997 2804 1173 2872 authentica
1196 2823 1250 2870 nec
1272 2802 1412 2888 legitima

155 2920 384 3003 hansumptata
405 2919 485 3003 quod
500 2919 628 2985 minime
642 2919 738 2986 etiam
761 2919 828 2986 fieri
850 2921 950 3005 potuit
967 2923 1067 2988 sano
1089 2922 1189 2989 forma
1201 2911 1309 2987 ¹dictae
1325 2939 1409 2986 com-

155 3033 312 3101 missionis
327 3035 505 3119 imperialis
520 3035 570 3100 cui
586 3035 699 3102 formae
714 3035 878 3103 inherendo
893 3038 1080 3122 protestatus
1095 3037 1163 3116 furit,
1178 3038 1210 3104 et
1224 3035 1411 3121 protestatur

154 3149 191 3216 de
214 3150 356 3216 nullitate
379 3149 477 3216 dictae
492 3151 780 3236 transumptationis
803 3153 835 3219 et
856 3153 1089 3220 auscultationis
1111 3152 1195 3218 iuxta
1218 3152 1312 3218 etiam
1328 3150 1409 3216 facta

153 3265 236 3331 dicta
250 3265 281 3331 et
291 3265 459 3349 protestata
473 3284 526 3349 per
541 3266 643 3350 ipsum
658 3267 715 3333 hoc
724 3286 925 3335 monacorum
939 3269 1056 3353 prelato
1065 3269 1189 3336 domino
1198 3266 1408 3335 commissario

153 3383 185 3447 et
206 3380 324 3464 prefata
347 3379 466 3447 dicento
488 3381 655 3464 excipiente
678 3383 709 3448 et
731 3384 918 3466 protestante
941 3385 1025 3451 omni
1047 3384 1167 3452 meliori
1190 3383 1279 3450 modo
1301 3384 1357 3449 etc.

243 3493 302 3576 oui
324 3495 558 3592 magnificus-d.
581 3499 718 3580 potestas
740 3498 772 3564 ct
800 3499 1030 3566 commissarius
1060 3499 1168 3567 sedens
1191 3500 1247 3566 etc.
1270 3497 1407 3582 predicta

152 3609 279 3676 admisit
301 3611 328 3676 si
350 3611 437 3678 etin
459 3612 608 3696 quantum
630 3614 662 3678 et
683 3613 839 3680 commisit
867 3613 1018 3698 predictas
1041 3615 1208 3700 scripturas
1239 3613 1406 3681 auscultari

153 3724 261 3792 debere
283 3725 425 3793 videlicet
446 3728 640 3812 transumpta
661 3748 731 3794 curn
754 3747 858 3795 corum
881 3730 1011 3815 propriis
1033 3729 1234 3816 originalibus
1256 3727 1405 3794 adhibitis

151 3841 251 3908 tribus
273 3841 401 3908 notariis
423 3841 567 3909 uidelicet
581 3843 713 3929 egregiis
735 3844 812 3912 viris
835 3865 883 3912 ser
898 3847 1058 3914 Francisco
1081 3847 1192 3913 Tirone
1216 3865 1264 3912 ser
1285 3844 1404 3910 Joanne

151 3955 250 4022 Maria
272 4009 280 4023 .
304 4011 310 4026 .
334 4009 342 4024 .
365 3958 396 4024 et
419 3977 467 4024 ser
481 3958 717 4040 Thomacehino,
739 3962 771 4026 ct
785 3981 835 4028 me
849 3961 967 4029 noturb
982 3962 1175 4047 infrascripto
1190 3959 1319 4028 insimul
1333 3979 1403 4026 cum

149 4071 285 4156 predicto
308 4072 336 4139 d.
359 4075 509 4158 potestate
531 4076 562 4140 et
584 4075 803 4144 commissario.

240 4188 384 4256 Presonte
407 4188 488 4256 dioto
511 4189 539 4256 d.
563 4189 691 4257 Nicolao
713 4191 794 4258 dicto
816 4193 949 4273 nomine,
978 4195 1009 4260 et
1031 4193 1182 4279 predictae
1205 4189 1403 4259 declarationi

149 4323 210 4370 non
226 4305 432 4372 consentiente
448 4305 501 4371 sed
517 4325 635 4391 semper
650 4309 838 4391 protestante
860 4308 897 4374 de
913 4309 1055 4377 nulhtate
1073 4308 1244 4376 rationibus
1259 4305 1401 4374 omnibus

150 4439 241 4504 supra
270 4441 323 4505 per
352 4440 422 4488 eum
451 4421 589 4489 deductis
612 4441 688 4508 quas
710 4423 762 4491 hic
783 4423 817 4492 in
839 4425 981 4493 omnibus
1009 4426 1073 4493 suis
1101 4424 1240 4511 partibus
1269 4439 1323 4510 pro
1345 4441 1399 4489 ex·

146 4533 262 4620 pressis
283 4537 315 4603 ct
336 4537 474 4621 repetitis
496 4539 602 4606 haberi
625 4538 722 4607 voluit
743 4541 838 4628 omni·
850 4541 970 4608 meliori
992 4541 1081 4612 modo
1104 4544 1159 4609 etc.
