3346 5084
783 361 1022 428 ...482-

278 559 381 625 autem
404 556 479 624 dicit
502 553 615 624 fiumen
630 555 818 624 Rubiconem
840 557 920 642 quod
942 555 1057 622 labitur
1078 553 1159 622 inter
1173 552 1347 623 Ariminum
1370 555 1528 624 1101111-

278 695 350 742 nam
373 694 441 743 esse
464 675 590 740 tertium
612 674 691 739 inter
715 672 858 751 Galliam,
882 674 913 738 et
927 673 1096 739 Ausoniam
1119 672 1246 756 loquens
1262 673 1298 738 de
1313 673 1468 739 Rubicone
1483 674 1529 739 sic

277 791 354 860 dicit
375 793 406 857 et
421 789 540 856 Gallica
563 791 663 856 certus
686 791 776 856 limes
792 790 830 854 ab
846 789 991 854 Ausoniis
1006 788 1201 854 disterminat
1224 807 1296 854 arva
1315 789 1437 856 colonis.
1460 791 1527 855 Au-

277 910 397 975 soniam
419 907 502 973 enim
524 906 600 973 dicit
623 907 777 990 regionem
794 905 911 984 Italiae,
934 923 1011 988 quae
1033 905 1126 969 habet
1148 904 1335 970 Rubiconem
1352 907 1389 969 ab
1405 905 1528 972 occiduo

277 1021 412 1089 Galliam
436 1040 506 1088 vero
530 1022 635 1088 dicunt
657 1040 725 1087 eam
749 1021 903 1106 regionem
926 1021 1035 1086 Italiae
1058 1019 1090 1084 in
1113 1039 1171 1103 qua
1193 1019 1319 1104 Liguria
1341 1021 1473 1087 Aemilia
1495 1027 1528 1088 et

275 1139 429 1205 Flaminia
453 1139 533 1216 suut,
556 1141 587 1203 et
602 1138 676 1203 haec
699 1135 801 1201 Gallia
818 1135 973 1220 Cisalpina
995 1137 1043 1201 111
1059 1137 1164 1219 togata
1187 1135 1309 1212 dicitnr;
1325 1138 1358 1202 in
1380 1138 1525 1203 1111111-

275 1254 372 1320 minia
400 1253 587 1337 metropolis,
617 1253 830 1333 111Ι11111111
858 1251 939 1317 dicta
968 1251 1120 1334 quondam
1143 1250 1319 1334 Pentapolis
1349 1270 1367 1316 a
1394 1253 1526 1336 quinque

274 1369 451 1436 civitatibus
473 1369 584 1453 quibus
607 1369 734 1452 preerat,
766 1367 842 1433 fines
873 1368 976 1432 autem
1005 1365 1156 1432 Flaminis
1187 1368 1259 1432 sunt
1280 1367 1314 1433 hi
1343 1369 1381 1432 ab
1395 1455 1397 1459 v
1411 1366 1526 1434 oriente

273 1485 441 1551 Picennum
465 1485 503 1550 ab
534 1484 657 1550 occiduo
680 1483 821 1562 Aemilia,
852 1502 869 1548 a
892 1482 1019 1548 meridie
1041 1483 1135 1565 Alpes
1158 1482 1265 1560 medie,
1295 1483 1375 1548 inter
1404 1501 1471 1548 eam
1494 1485 1526 1547 et

273 1601 445 1679 Umbriam,
468 1619 487 1664 a
510 1600 715 1682 septentrione
743 1598 822 1664 mari
843 1597 1000 1664 Adriatico
1031 1598 1222 1663 terminatur.
1267 1597 1350 1663 Haec
1371 1599 1455 1683 regio
1477 1600 1526 1663 est

272 1717 427 1782 uberrima
450 1715 568 1781 cunctis
591 1715 679 1781 bonis
695 1714 843 1798 frugibus,
868 1715 947 1794 vino,
970 1715 1043 1792 oleo,
1067 1713 1176 1796 pomis,
1198 1712 1342 1796 piscibus,
1364 1714 1524 1796 pecoribus

272 1832 303 1896 et
319 1833 390 1910 sale,
413 1833 469 1896 heo
491 1831 584 1895 habet
599 1832 719 1896 montes
734 1829 855 1895 foelices
875 1847 998 1913 campos
1021 1848 1074 1912 pro
1090 1829 1182 1912 plane
1196 1829 1347 1912 porrectos
1363 1829 1524 1906 Flaminia,

271 1965 355 2012 mare
378 1946 504 2030 paludes
527 1948 558 2013 et
581 1945 675 2011 silvas
698 1948 729 2012 et
751 1952 831 2012 viros
854 1963 1008 2010 armorum
1037 1947 1160 2029 peritos,
1183 1946 1214 2010 11
1235 1945 1340 2010 faciles
1363 1945 1524 2028 confligere

269 2062 392 2145 praelio.

258 2193 260 2196 ’
359 2177 438 2242 Item
461 2179 495 2242 in
518 2178 622 2244 eodem
646 2179 724 2244 libro
748 2179 778 2242 et
801 2179 866 2244 loce
891 2177 1028 2262 sequitur
1050 2177 1207 2243 videlicet:

665 2387 718 2448 De
741 2389 891 2449 Aemilia
915 2392 1023 2463 caput
1047 2388 1133 2448 LXI.

360 2524 530 2592 Undecima
553 2525 601 2589 est
623 2523 756 2589 Aemilia
779 2525 817 2589 ab
840 2524 972 2590 Aemilio
995 2524 1113 2607 preside
1136 2524 1209 2590 olim
1233 2525 1322 2602 recta,
1346 2524 1384 2590 ab
1407 2525 1522 2591 oriente

269 2641 431 2719 Flaminia,
456 2641 494 2705 ab
517 2640 640 2706 occiduo
655 2641 789 2724 Liguria,
813 2659 831 2704 a
849 2639 975 2705 meridie
990 2640 1085 2723 Alpes
1100 2640 1256 2724 Apeninae
1279 2641 1388 2724 quibus
1404 2640 1522 2707 adiacet

269 2757 410 2836 Threcia,
433 2774 452 2821 a
482 2757 686 2840 septentrione
711 2754 786 2821 Padi
816 2755 945 2832 fluenta;
976 2755 1008 2820 in
1031 2756 1089 2820 hac
1112 2757 1184 2820 sunt
1207 2756 1377 2836 Placentia,
1400 2756 1521 2835 Parma,

269 2871 409 2956 Regium,
440 2871 570 2950 Mutine,
600 2871 745 2950 Bononia,
776 2872 808 2936 et
829 2871 927 2936 Imola
948 2889 1025 2954 quae
1048 2869 1187 2936 Cornelia
1209 2870 1373 2950 dicebatur,
1396 2872 1451 2937 hec
1473 2875 1522 2937 est

268 2988 473 3072 pulcherrima
495 3005 567 3070 pars
590 2987 681 3066 orbis,
704 2988 736 3052 11
758 2987 848 3052 foelix
870 2988 902 3052 11
929 2986 1077 3053 fructibus
1101 2989 1132 3052 et
1145 2988 1314 3071 prestantia
1336 3007 1464 3066 morum,
1486 2988 1520 3054 in

268 3103 325 3168 hac
349 3104 421 3169 sunt
442 3106 562 3169 montes
578 3101 729 3168 commodi
751 3103 844 3186 plana
859 3103 1005 3182 Ferraria,
1028 3104 1059 3168 et
1073 3103 1199 3186 paludes
1222 3103 1260 3168 ad
1275 3103 1389 3187 piscem
1412 3102 1445 3168 in
1463 3103 1522 3168 hac

269 3220 341 3285 sunt
363 3218 422 3285 riri
443 3219 562 3304 regium
585 3237 635 3284 cor
656 3219 812 3286 habentes.

357 3451 526 3534 Postquam
540 3449 742 3516 incontinenti
756 3449 885 3534 predicti
901 3469 949 3515 ser
964 3450 1143 3515 Franciscns
1159 3450 1306 3516 Tiuzonns
1322 3470 1370 3516 ser
1384 3450 1406 3516 J
1407 3469 1519 3517 oannes

270 3566 370 3632 Maria
392 3566 547 3632 Ferrettus
577 3567 608 3631 et
631 3585 679 3631 ser
701 3566 819 3631 Thema
842 3564 978 3631 Oellinus
1008 3565 1120 3632 notarii
1148 3565 1283 3631 civitatis
1306 3566 1468 3633 1111111111
1490 3569 1522 3632 11

268 3681 406 3766 deputati
428 3681 467 3747 ad
490 3681 722 3747 auscultandum
746 3681 828 3746 dicta
850 3681 1055 3765 tramsumpta
1077 3701 1146 3747 cum
1163 3700 1266 3747 eorum
1288 3682 1419 3765 propriis
1442 3682 1519 3748 scri-

268 3798 367 3881 pturis
395 3797 585 3863 documentis
615 3798 822 3864 monumentis
851 3796 939 3862 libris
968 3796 1192 3881 antiquissimis
1222 3796 1363 3863 omnibus
1393 3799 1521 3882 repertis

267 3913 302 3977 in
316 3913 450 3979 archivio
466 3913 587 3996 publico
602 3915 637 3978 ut
660 3932 752 3996 supra
773 3912 807 3978 in
821 3912 898 3977 actis
921 3912 1075 3995 productis
1090 3913 1260 3978 r·etnlemnt
1282 3933 1314 3978 se
1336 3913 1447 3980 dictat
1505 3952 1519 3964 -

269 4029 392 4111 sumpta
414 4028 568 4094 invenisse
591 4029 766 4096 concordari
788 4028 826 4094 de
848 4029 938 4094 verbo
961 4027 1000 4092 ad
1023 4029 1148 4094 verbum
1171 4048 1241 4094 cum
1264 4047 1366 4096 eorum
1390 4031 1521 4115 propriis

269 4143 429 4227 scripturis
439 4143 628 4210 documentis
642 4145 849 4210 monumentis
865 4146 896 4209 et
911 4145 999 4209 libris
1013 4143 1238 4227 antiquissimis
1253 4144 1377 4213 indicte
1386 4148 1521 4214 archivio

267 4259 401 4324 inventia
423 4261 454 4324 et
476 4260 603 4343 repertis
626 4278 686 4325 una
708 4259 836 4325 insimul
866 4279 936 4325 cum
958 4260 1092 4343 predicto
1115 4259 1238 4326 domino
1259 4258 1358 4327 iudice
1380 4263 1411 4327 et
1433 4281 1519 4328 corn·

268 4373 409 4440 missario
424 4375 577 4458 praesenti
592 4377 623 4440 et
637 4375 765 4441 insimul
774 4395 844 4441 cum
858 4375 936 4459 ipsis
951 4375 1072 4442 vidente
1086 4376 1229 4442 audiente
1242 4379 1274 4442 et
1283 4377 1474 4444 auscultante
1483 4377 1521 4444 de

268 4489 359 4553 verbo
374 4489 414 4554 ad
429 4491 554 4556 verbnm
570 4492 601 4556 11
616 4492 651 4557 ut
666 4510 758 4575 supra
773 4491 926 4558 invenisse
944 4493 1120 4559 concordare
1130 4493 1215 4559 1111111
1229 4493 1349 4558 meliori
1366 4494 1454 4560 modo
1464 4498 1519 4564 etc.
