3346 5084
752 282 797 296 -
841 244 908 314 454
952 253 1018 296 -·'

248 445 396 531 augustus
419 444 524 513 divina
547 444 666 511 favente
683 442 845 510 clementia
859 444 1066 511 Romanorum
1089 442 1253 527 imperator
1268 463 1303 508 eo
1317 439 1499 512 Germaniae

247 565 466 649 Hispaniarum
482 561 640 646 utriusque
657 558 779 626 Siciliae
794 559 986 627 Hierusalem
1009 561 1040 626 et
1059 579 1110 625 rex
1125 558 1269 625 archidux
1285 559 1427 626 lustras
1442 561 1498 626 etc.

247 679 420 747 honorabili
442 697 471 744 n.
494 677 640 762 potestati
664 695 717 742 sen
739 677 852 760 pretori
875 676 1010 741 civitatis
1033 675 1275 741 Ravennatensis
1297 675 1380 741 fideli
1411 676 1499 741 nobis

248 797 359 864 dilecto
389 795 521 880 gratiam
551 794 689 860 nostram
713 810 884 858 caesaream
908 793 939 857 et
961 811 1050 858 omne
1077 792 1200 858 bonum.
1246 790 1323 856 Cum
1345 791 1445 858 nuntii
1468 793 1500 858 et

248 913 455 998 procuratores
477 908 678 976 beatitudinis
700 908 854 992 pontilicis
876 925 930 990 pro
946 907 1134 990 expeditione
1157 927 1264 973 causae
1287 928 1389 975 eoram
1411 907 1500 974 nobis

247 1031 393 1113 tanquam
421 1026 535 1092 arbitro
565 1025 753 1104 arbitratore‚
783 1025 814 1090 et
843 1023 999 1089 amicabili
1028 1023 1226 1107 compositore
1249 1025 1397 1091 vertentis
1419 1027 1500 1090 inter

248 1142 375 1211 eandem
400 1143 594 1208 sanctitatem
618 1140 772 1225 pontificis
796 1141 827 1206 et
843 1138 986 1205 Sanctam
1006 1137 1116 1206 Sedcm
1140 1139 1337 1223 apostolicam
1358 1142 1500 1226 agaim

248 1282 284 1329 ex
309 1279 382 1340 nna,
405 1261 436 1326 et
459 1258 614 1325 illustrem
638 1256 745 1323 ducem
770 1256 924 1322 Ferrariae
948 1254 1159 1321 defendentem
1183 1257 1322 1340 partibus
1344 1276 1380 1323 ex
1404 1257 1501 1324 altera

249 1396 340 1460 super
361 1375 562 1443 conhoversis
592 1375 623 1438 et
645 1372 891 1438 contentionibus
920 1371 1159 1456 quibuscumque
1182 1373 1262 1438 inter
1291 1374 1394 1458 partes
1415 1375 1500 1456 ipsas

248 1492 451 1560 existentibus
473 1491 504 1556 et
519 1493 552 1555 in
568 1490 635 1555 acta
650 1488 862 1572 compromissi
885 1488 965 1554 inter
980 1487 1102 1554 easdem
1121 1489 1223 1573 partes
1238 1489 1310 1555 initi
1332 1489 1500 1556 obfirmati.

118 1611 121 1616 ’
249 1610 343 1678 latius
372 1607 511 1674 deductis
540 1607 628 1690 egeat
651 1605 854 1688 transumptis
877 1604 1061 1671 authenticis
1083 1605 1300 1671 nonnullorum
1322 1605 1499 1690 privilegio·

247 1746 317 1792 rum
340 1725 476 1790 actorum
505 1721 724 1805 scripturarum
746 1722 778 1785 et
807 1720 1079 1786 instrumentorum
1108 1719 1297 1805 aliorumque
1327 1721 1498 1789 monimen-

248 1843 350 1908 torum
372 1838 466 1904 isthic
488 1836 700 1915 existentium‚
730 1835 854 1920 Nosque
884 1836 1077 1919 transumpta
1100 1834 1283 1902 istrumenta
1310 1840 1340 1903 te
1362 1839 1500 1922 presente

247 1956 426 2040 ridenteque
450 1952 614 2037 exemplari
634 1953 666 2017 et
680 1951 852 2032 hanseribi
875 1953 1014 2035 recteque
1036 1970 1072 2017 ae
1086 1951 1212 2017 iuridice
1235 1954 1425 2038 comprobari
1445 1953 1498 2020 dc-

248 2072 440 2138 crererimus.
485 2068 601 2135 Idcirco
624 2069 785 2153 negocium
815 2067 989 2134 huiusmodi
1013 2067 1071 2133 tibi
1099 2068 1270 2152 specialiter
1298 2070 1402 2137 tenue
1431 2089 1498 2154 pre-

250 2185 384 2252 sentium
413 2183 645 2262 committimus,
675 2183 855 2249 mandantes
885 2183 944 2248 tibi
967 2184 1115 2282 quatenus
1143 2187 1282 2267 presente
1309 2187 1340 2250 et
1363 2185 1501 2252 audiente
1643 2147 1644 2230 3

250 2300 441 2386 procuratore
464 2297 540 2365 dicti
568 2298 699 2364 illustris
722 2298 808 2364 ducis
839 2297 919 2381 apud
943 2317 998 2363 nos
1021 2299 1130 2382 agente
1162 2317 1214 2364 seu
1237 2300 1304 2366 eins
1328 2300 1502 2378 substituto,

251 2416 300 2485 cui
329 2414 530 2500 peremptorie
558 2413 696 2480 intimari
725 2413 881 2493 iussimus,
911 2415 946 2479 ut
967 2433 1021 2497 per
1044 2433 1076 2479 se
1099 2415 1152 2479 aut
1182 2415 1385 2482 substitutum
1415 2436 1503 2482 suum
1643 2405 1644 2466 i

250 2533 427 2619 legitimum
456 2532 537 2596 intra
566 2529 761 2614 trigesimum
789 2527 931 2615 ¹quintum
961 2531 1044 2596 diem
1073 2530 1203 2613 proximi
1231 2533 1348 2597 mensis
1371 2531 1504 2617 Augusti

251 2668 352 2716 coram
375 2649 405 2714 te
428 2647 600 2730 compareat
623 2644 848 2711 adridendum
878 2646 909 2710 et
932 2644 1116 2712 audiendum
1139 2645 1222 2712 diota
1248 2647 1410 2732 privilegia
1437 2649 1503 2714 acte

252 2764 417 2848 scripturas
439 2762 644 2830 instrumenta
666 2762 697 2827 et
726 2759 914 2826 monimenta
937 2761 975 2826 ad
997 2759 1173 2828 huiusmodi
1203 2781 1326 2828 oausam
1354 2763 1503 2841 facientia,

252 2882 283 2946 et
305 2879 429 2946 illorum
458 2876 697 2961 transumptioni
727 2895 780 2942 seu
809 2877 989 2942 extractioni
1018 2877 1261 2943 interessendum
1285 2878 1504 2963 dicendumque

253 2997 284 3062 et
306 2993 501 3079 allegandum
532 2991 679 3077 quidquid
701 2991 735 3057 in
757 2991 931 3076 oppositum
961 2992 1059 3060 dicere
1081 2993 1113 3059 et
1135 2992 1269 3077 allegare
1291 2994 1429 3073 voluerit
1452 3014 1504 3060 as·

253 3111 433 3195 sumptoque
455 3107 494 3174 ad
509 3108 541 3173 id
557 3127 610 3191 per
624 3108 655 3174 te
671 3107 773 3192 aliquo
788 3107 896 3174 idoneo
911 3106 1075 3174 tabellione
1098 3127 1284 3192 quecumque
1299 3110 1506 3196 tramsumpta

252 3225 483 3311 privilegiorum
505 3225 642 3290 actorum
666 3223 884 3307 scriptuarum
907 3226 938 3289 et
960 3224 1090 3290 aliorum
1114 3227 1377 3291 monumentorum
1401 3247 1503 3294 coram

253 3343 283 3407 te
306 3338 543 3407 exhibendorum
565 3339 649 3406 illico
672 3340 760 3423 lapso
790 3339 871 3406 dicto
894 3338 1024 3406 termino
1055 3342 1247 3425 comparente
1272 3340 1318 3407 vel
1341 3361 1402 3408 non
1431 3343 1507 3408 dicti

252 3455 384 3522 illustris
406 3457 599 3540 procuratore
622 3473 675 3522 seu
689 3454 774 3520 illius
798 3453 965 3520 substituto
989 3474 1007 3520 a
1030 3455 1094 3521 suis
1109 3455 1217 3522 formis
1240 3456 1441 3541 originalibus
1457 3459 1507 3524 vel
1643 3503 1644 3552 p

253 3591 358 3638 eorum
381 3589 433 3637 seu
456 3589 559 3636 earnm
583 3570 677 3636 variis
700 3569 902 3655 transumptis
931 3570 1007 3637 bene
1030 3572 1061 3636 et
1082 3570 1214 3637 fideliter
1236 3591 1271 3637 ac
1293 3571 1330 3638 de
1352 3573 1445 3639 uerbo
1467 3574 1506 3639 ad

255 3688 380 3754 verbnm
403 3685 483 3752 nihil
498 3684 635 3752 addendo
658 3685 707 3752 vel
722 3685 886 3753 minuendo
909 3686 1027 3753 extrahi
1041 3685 1207 3771 exemplari
1229 3689 1367 3772 recteque
1382 3689 1414 3754 et
1428 3687 1504 3754 iuri·
1643 3675 1644 3704 *

255 3801 322 3869 dice
350 3801 540 3888 comprobari
562 3820 598 3867 ac
627 3800 716 3886 signo
739 3820 774 3868 ao
804 3801 1025 3886 subscriptione
1054 3801 1229 3869 tabellionis
1260 3822 1313 3887 per
1335 3805 1366 3870 te
1388 3803 1426 3868 ad
1449 3803 1506 3869 hoc
1643 3793 1644 3866 ἐ

255 3917 393 4003 deputati
409 3917 534 4002 signari,
558 3917 713 4002 sigillique
728 3916 775 3983 tui
790 3917 989 4001 impressione
1012 3917 1126 3984 muniri
1147 3917 1239 3984 iacias
1262 3917 1376 4003 illaque
1398 3919 1506 3985 nuntio

256 4051 310 4098 seu
331 4031 518 4116 procuratori
540 4032 673 4116 prefatae
697 4033 870 4100 sanctitatis
893 4031 997 4099 tradas
1020 4033 1051 4099 et
1073 4033 1245 4118 consignes·
1280 4032 1346 4100 Nos
1369 4033 1507 4100 enimin
1643 4061 1644 4130 p

255 4149 286 4214 et
309 4167 399 4232 super
421 4148 562 4214 omnibus
585 4149 616 4214 ct
631 4148 762 4235 singulis
785 4149 944 4232 premissis
959 4151 1025 4214 tam
1046 4149 1251 4215 incidentibus
1267 4148 1506 4233 dependentibus
1643 4153 1644 4190 ³

256 4265 287 4329 et
309 4263 535 4349 emergentibus
558 4284 593 4330 er
616 4263 732 4330 eisdem
753 4283 789 4330 ac
810 4264 875 4330 illis
893 4263 1018 4330 ameris
1040 4266 1072 4330 et
1094 4264 1235 4330 connexis
1257 4265 1357 4331 locum
1381 4268 1412 4331 et
1426 4265 1506 4332 vices

257 4380 385 4460 nostras,
416 4397 451 4444 ac
479 4380 605 4462 plenum
633 4398 723 4464 posse
751 4379 810 4445 tibi
839 4379 1061 4446 committimus
1091 4381 1122 4446 et
1152 4379 1343 4446 conferimus.
1389 4380 1505 4446 Harum
1643 4353 1644 4418 l
