3396 5090
763 582 835 651 143.

611 747 790 823 Episcopo
813 747 988 808 scarensi.

260 901 449 968 Venerabilis
472 901 572 968 frater.
618 899 695 968 Cum
718 901 941 969 fraternitatem
971 904 1065 981 tuam,
1087 901 1185 986 ipsius
1206 901 1367 986 prudentia
1389 903 1421 968 et

168 1018 347 1103 integritate
377 1018 572 1102 doctrinaque
601 1017 732 1098 adducti,
755 1019 794 1084 ad
816 1019 984 1102 principem
1006 1017 1244 1084 dioscoritarum
1273 1017 1420 1083 nuncium

169 1136 308 1201 nostrum
331 1154 384 1218 per
406 1134 484 1199 alias
513 1135 635 1199 nostras
657 1133 691 1199 in
712 1133 810 1201 forma
833 1134 933 1200 brevis
963 1135 1083 1200 litteras
1112 1131 1367 1200 destinaverimus
1389 1133 1421 1198 et

168 1249 425 1334 deputaverimus,
448 1250 604 1334 multaque
618 1249 677 1315 tibi
699 1249 790 1316 verbo
805 1251 1045 1335 praeceperimus
1068 1249 1106 1315 ad
1128 1249 1160 1316 id
1175 1249 1334 1334 negocium
1350 1269 1420 1334 per-

168 1364 307 1444 tinentia
330 1365 416 1431 cuius
438 1385 475 1431 er
497 1365 649 1432 sententia
670 1364 849 1431 conficiendi
869 1384 992 1432 omnem
1015 1383 1101 1450 spem
1115 1366 1252 1432 nostram
1275 1384 1345 1431 cum
1367 1383 1420 1430 ca-

168 1481 292 1546 rissimo
306 1480 341 1546 in
355 1479 476 1546 Christo
495 1481 559 1547 illic
574 1482 678 1546 nostro
694 1479 891 1566 sigismundo
907 1481 1050 1548 Poloniae
1071 1500 1143 1566 rege
1157 1481 1273 1548 illustri
1287 1480 1420 1565 positam

167 1597 326 1676 habemus,
348 1595 427 1662 illud
448 1596 507 1662 tibi
528 1596 623 1662 etiam
645 1597 736 1681 atque
758 1596 852 1663 etiam
881 1595 1126 1682 praecipiendum
1149 1615 1184 1663 ac
1212 1595 1421 1663 mandandum

166 1713 202 1778 in
225 1711 346 1796 scriptis
376 1730 493 1797 quoque
515 1711 665 1792 duximus,
695 1713 729 1778 ut
752 1712 863 1798 prefati
885 1713 1029 1780 Poloniae
1058 1713 1196 1798 regiain
1225 1713 1367 1779 omuibus
1389 1713 1421 1778 et

167 1847 222 1912 per
243 1827 346 1894 omnia
360 1827 447 1893 utare
469 1828 604 1908 consilio,
627 1827 803 1913 negociique
818 1829 913 1895 totius
936 1829 1028 1896 linem
1050 1829 1081 1894 et
1096 1829 1259 1896 consilium
1281 1828 1321 1894 ad
1335 1827 1420 1893 illius

168 1943 327 2010 commoda
349 1946 380 2010 et
402 1944 591 2010 voluntatem
613 1945 736 2011 omnino
759 1944 890 2030 dirigas;
910 1944 990 2030 quod
1012 1946 1092 2012 eote
1115 1944 1294 2030 diligentius
1317 1962 1422 2009 curare

163 2059 320 2140 uolumus,
342 2078 400 2145 quo
425 2079 531 2124 sumus
554 2059 629 2126 certi
650 2060 753 2144 ipsum
776 2079 893 2146 quoque
907 2080 1011 2146 regem
1033 2080 1087 2146 pro
1111 2081 1166 2127 sua
1188 2058 1421 2146 incomparabili

166 2175 202 2240 in
216 2175 315 2240 Deum
338 2174 577 2258 omnipotentem
600 2177 631 2241 et
653 2175 853 2243 christianam
875 2177 1055 2262 religionem
1070 2178 1227 2244 voluntate
1249 2195 1285 2242 00
1306 2175 1420 2261 pietate

167 2289 208 2356 ad
222 2289 326 2356 omnia
340 2292 422 2357 recta
445 2292 476 2356 et
490 2291 619 2357 honesta
634 2291 755 2358 facilem
779 2312 812 2359 se
826 2294 858 2358 et
873 2293 1041 2378 benignum
1063 2293 1261 2360 redditurum.
1285 2290 1420 2377 Cumque

167 2407 322 2491 praeterea
344 2425 396 2472 rex
418 2406 580 2473 modernus
603 2405 724 2474 Sustine
745 2409 879 2474 multum
906 2409 1005 2493 ipsius
1027 2409 1109 2494 regis
1133 2408 1325 2494 sigismundi
1346 2426 1419 2474 con-

167 2521 237 2588 silio
260 2521 493 2607 auctoritatique
515 2523 639 2604 tribuat,
669 2524 760 2608 atque
782 2524 810 2589 is
833 2525 971 2591 omnium
994 2544 1132 2591 sermone
1154 2523 1325 2610 predicetur
1347 2521 1419 2590 sedi

170 2638 353 2722 apostolicae
376 2638 475 2705 hostis
498 2657 565 2704 esse
587 2640 618 2705 et
639 2639 797 2719 inimicus,
827 2641 1029 2706 oblectaberis
1053 2639 1286 2726 sigismundum
1316 2657 1419 2723 regem

167 2755 282 2820 nostris
297 2753 398 2820 verbis
421 2757 456 2820 ut
479 2774 567 2820 suam
582 2753 674 2822 fidem
689 2755 893 2840 virtutemque
916 2756 991 2822 velit
1012 2756 1210 2840 interponere,
1234 2775 1292 2840 quo
1307 2754 1419 2822 inillis

168 2869 290 2936 suetiae
312 2869 451 2954 partibus
473 2869 535 2935 ista
557 2871 731 2936 Lutheraua
753 2871 849 2956 impia
871 2871 1249 2956 haeresiscomprimatur‚
1272 2890 1419 2956 remaque

167 2985 240 3052 fidei
262 2985 428 3052 catholicae
451 2986 551 3052 cultus
574 2988 774 3053 conservetur.
820 2989 861 3053 ut
883 2989 1026 3073 quoniam
1050 2987 1175 3053 ecclesia
1191 2985 1348 3052 snarensis
1371 2986 1420 3052 cui

167 3099 206 3166 de
228 3101 281 3167 tua
302 3119 431 3185 persam
453 3120 507 3185 per
521 3101 558 3167 ie.
574 3121 632 3167 me.
655 3101 825 3168 Adrianum
848 3103 1088 3187 predecessorem
1103 3103 1243 3168 nostrum
1265 3103 1325 3168 luit
1345 3121 1417 3186 pro-

168 3216 269 3282 visum
291 3216 324 3282 iu
347 3235 440 3300 regno
464 3214 584 3284 Suetiae
606 3217 662 3297 est
692 3217 778 3284 cuius
801 3219 835 3284 tu
858 3238 1013 3304 nunquam
1036 3218 1261 3303 possessionem
1283 3218 1419 3285 obtinere

167 3330 303 3415 potuisti
327 3331 408 3398 dices
430 3331 486 3398 isti
500 3332 566 3417 regi
589 3349 683 3399 ser.mo
706 3353 761 3400 nos
784 3334 981 3402 mandaturos
1004 3336 1040 3402 ut
1060 3335 1109 3401 ius
1124 3335 1212 3402 tuum
1234 3333 1268 3399 in
1285 3333 1419 3419 gratiam

168 3446 266 3532 ipsius
290 3444 410 3513 stelias
433 3447 515 3532 regis
538 3449 695 3514 renuncies
718 3450 808 3515 modo
830 3450 883 3516 ille
906 3449 1033 3536 dignam
1055 3452 1088 3518 et
1109 3450 1290 3517 catholicam
1312 3469 1417 3535 perso-

167 3581 240 3628 nam
262 3562 311 3627 illi
333 3562 477 3629 ecclesiae
499 3563 604 3630 iubeat
625 3565 755 3650 praefici.
801 3566 939 3651 Denique
961 3567 995 3631 in
1017 3567 1159 3634 omuibus
1181 3585 1305 3652 prorsus
1327 3567 1418 3632 rebus

167 3697 245 3762 quaa
266 3678 306 3744 ad
327 3678 502 3745 huiusmodi
525 3680 651 3764 negocia
672 3681 875 3763 pertinebunt
898 3701 960 3747 non
981 3682 1132 3748 minorem
1153 3683 1184 3748 te
1207 3683 1347 3748 volumus
1362 3701 1416 3748 vo·

165 3792 296 3858 luntatis
326 3797 415 3860 sormi
443 3791 635 3878 Sigismundi
669 3795 751 3880 regis
781 3815 872 3878 quam
902 3798 1088 3864 nostraemet
1116 3797 1228 3864 habere
1256 3797 1415 3864 rationem.

628 4194 727 4280 Regi
748 4193 957 4280 Ungariaa.

256 4335 328 4401 Pro
352 4334 450 4402 Geor
457 4335 521 4421 gio
543 4337 593 4402 Lo
600 4355 654 4421 go.
700 4335 842 4402 Laudans
856 4337 991 4421 pontifex
1013 4338 1180 4424 ingenium,
1205 4357 1417 4424 summamque

167 4449 342 4517 litterarum
370 4450 512 4536 peritiam
535 4449 660 4538 Georgii
681 4451 759 4537 logi
782 4451 895 4533 silesii,
924 4454 1098 4540 gratulatur
1120 4455 1186 4540 regi
1215 4454 1295 4539 quod
1323 4455 1417 4532 talem
