3380 5088
657 327 903 404 ..φεμ

149 529 181 600 et
203 527 326 618 penitus
349 529 415 600 sine
437 528 548 600 domm
571 531 992 618 conservareqpromittimum
1016 529 1070 599 sed
1092 529 1236 618 quoniam
1252 530 1302 622 (ut
1316 550 1402 600 aoce-

149 650 267 737 pimus)
291 649 490 716 charissimus
514 650 547 716 in
570 647 691 715 Christo
712 649 796 714 filius
818 649 921 715 nostor
943 649 1123 726 lianciscus
1146 651 1331 717 Francorum
1353 670 1404 716 rex

150 748 427 832 christianissimus
449 767 481 831 et
502 767 568 831 eius
591 783 711 831 camera
740 784 794 849 pro
816 763 966 830 nucnnns
988 764 1025 831 de
1047 767 1078 831 lu
1103 765 1186 832 Vaur
1207 769 1240 832 et
1262 767 1298 834 do
1321 767 1402 833 Lau·

152 900 262 966 ragues
284 881 413 948 uncam
435 883 467 948 et
489 881 653 948 comitatus
676 859 852 946 huiusmodi
874 899 949 965 quos
964 879 1055 946 certis
1077 881 1167 948 annis
1184 882 1319 949 decursis
1333 901 1403 967 per·

152 1000 297 1081 ceperunt
318 997 350 1062 iu
367 1007 428 1064 non·
443 1015 535 1081 parva
549 995 746 1081 pecuniarum
762 1013 884 1062 summa
906 998 1047 1062 tenentur
1069 999 1100 1063 et
1115 997 1244 1084 obligati
1262 1000 1405 1079 existunt,

152 1115 277 1198 ipseque
289 1112 425 1180 loannes
447 1113 507 1178 dun
529 1114 630 1180 ratam
653 1111 714 1178 sibi
728 1111 956 1196 contingentem
978 1131 1014 1178 uc
1035 1112 1103 1178 iura
1124 1111 1299 1180 adductus
1322 1115 1406 1199 ipsos

152 1229 214 1294 sibi
227 1229 431 1313 competentia
444 1227 544 1295 eidem
560 1228 740 1295 Catheriuae
761 1227 901 1293 ducissas
915 1226 1019 1294 cedere
1034 1230 1066 1294 et
1079 1229 1203 1296 illorum
1219 1231 1406 1297 emctionem

151 1363 311 1430 procurare
332 1345 500 1428 promittit,
530 1363 585 1410 nos
608 1345 641 1410 iu
662 1345 806 1410 eventurn
835 1344 982 1409 cessionis
1003 1345 1035 1409 et
1056 1345 1221 1410 exactionis
1251 1346 1405 1412 fructuum

152 1459 329 1526 huiusmodi
349 1459 448 1526 eidem
463 1459 577 1525 loanni
598 1459 668 1526 duci
682 1458 800 1524 ductus
822 1475 898 1544 quos
913 1458 979 1544 ipso
1000 1477 1036 1525 er
1051 1459 1249 1526 eomitatibus
1270 1463 1302 1527 et
1316 1461 1405 1528 bonis

156 1575 319 1660 praedietis
341 1577 488 1642 hactenns
511 1575 645 1659 percepit
665 1593 701 1640 er
716 1593 797 1641 nuuc
811 1574 893 1641 dicto
915 1573 1027 1641 tutorio
1042 1575 1165 1642 nomine
1188 1576 1248 1642 sihi
1270 1577 1405 1642 remitti-

153 1711 232 1770 mus,
248 1693 408 1776 ipsumque
422 1691 575 1758 loannem
591 1691 699 1757 ducem
714 1690 754 1756 ad
770 1689 955 1757 reddendum
970 1690 1121 1758 rationem
1130 1691 1406 1760 administrationis

154 1807 269 1874 mtelae
283 1807 420 1873 eiusdem
435 1806 615 1873 catherinae
631 1807 770 1874 ducissas
786 1806 836 1893 (nt
850 1806 950 1872 dicius
964 1796 1101 1874 loannes
1115 1808 1175 1876 dur
1190 1807 1325 1896 asserit),
1346 1809 1407 1876 sibi

152 1923 188 1988 in
206 1941 298 2008 regno
313 1923 458 1990 liunciae
481 1923 689 2003 demandatae,
712 1925 744 1988 et
765 1941 818 2007 per
833 1941 904 1990 eum
926 1923 1074 1990 hactenus
1088 1923 1322 1991 administratae
1343 1926 1406 1992 mi·

154 2037 238 2104 nime
260 2039 356 2106 teneri
385 2038 576 2105 decernimus
598 2040 630 2104 et
651 2039 690 2104 ab
713 2055 749 2104 ca
770 2037 923 2104 reddenda
951 2039 1075 2122 penitus
1104 2040 1272 2108 liberamus
1293 2043 1326 2109 et
1346 2043 1404 2108 ab·

155 2154 311 2221 solvimus.
349 2155 500 2221 Volumus
522 2157 625 2220 autem
648 2151 727 2238 quod
745 2153 868 2220 donatio
891 2172 945 2238 per
967 2173 1022 2220 nos
1044 2155 1127 2222 dicto
1149 2157 1261 2223 catorio
1283 2157 1406 2226 nomine

153 2269 253 2336 eidem
276 2269 389 2336 Jcanni
412 2269 481 2336 duci
503 2269 585 2335 facta
598 2273 630 2334 et
652 2269 737 2334 illius
752 2269 913 2336 ratificatio
937 2289 989 2354 per
1011 2271 1112 2354 ipsam
1127 2271 1323 2341 catherinam
1345 2274 1404 2341 du-

153 2387 276 2466 cissam,
299 2403 368 2452 cum
383 2387 422 2451 ad
438 2385 610 2470 legitimam
625 2387 740 2451 etatem
753 2386 925 2469 pervenerit
938 2386 1115 2454 huiusmodi
1129 2388 1267 2455 facienda
1290 2391 1406 2456 nullius

154 2502 198 2568 sit
219 2502 336 2568 roboris
358 2503 408 2569 vel
430 2501 579 2569 momenti
600 2501 662 2567 nisi
684 2501 820 2570 loannes
841 2501 907 2587 ipse
930 2501 990 2569 dur
1013 2503 1148 2570 similem
1163 2502 1358 2573 donationem
1373 2507 1406 2573 in

154 2618 253 2684 forma
275 2617 351 2684 iuris
374 2617 508 2684 validum
531 2636 602 2684 oum
625 2617 723 2683 simili
745 2618 884 2684 cautione
907 2621 939 2684 et
966 2618 1126 2687 evictionis
1147 2622 1349 2704 promissione
1371 2641 1407 2690 ac

154 2735 252 2818 pacto,
274 2732 356 2818 quod
376 2753 431 2818 per
453 2733 729 2818 supervenientium
750 2733 885 2816 filiorum
907 2733 947 2800 ab
969 2753 1004 2800 eo
1026 2735 1129 2802 forsan
1145 2737 1405 2823 suscipiendorum

155 2849 289 2916 revocari
310 2867 386 2916 noa.
393 2849 492 2934 possit
513 2848 612 2915 eidem
634 2846 815 2916 Catherinse
837 2848 976 2918 ducissae
998 2851 1079 2918 inira
1093 2853 1206 2937 viginti
1227 2855 1292 2921 dies
1315 2873 1334 2921 a
1356 2856 1405 2923 die

155 2964 359 3033 inlimaticnis
381 2965 588 3050 praesentium
612 2983 665 3031 seu
686 2965 895 3050 requisitionis
917 2985 972 3051 per
993 2967 1097 3051 ipsum
1111 2967 1263 3036 loannem
1279 2971 1405 3041 card.lem

154 3079 309 3147 Meridie
323 3081 542 3166 computandos
557 3079 670 3159 lecerit
686 3080 823 3166 quodque
838 3083 923 3148 omni
936 3101 1009 3149 casn
1024 3084 1221 3169 quodonatio
1236 3106 1289 3171 per
1304 3085 1406 3172 ipsum

154 3195 306 3262 Jcanuem
329 3196 437 3262 ducem
458 3195 606 3276 facienda
628 3199 791 3282 postquam
813 3198 895 3264 iacta
917 3199 1010 3266 fuerit
1032 3200 1096 3267 sive
1118 3219 1171 3286 per
1190 3204 1404 3286 supervenien-

154 3313 231 3378 tium
245 3311 412 3378 liberorum
426 3313 499 3378 'eive
514 3312 576 3380 alia
598 3331 774 3398 quacunque
797 3313 834 3381 de
849 3331 941 3381 cansa
963 3317 1164 3384 resolveretur
1186 3321 1216 3384 et
1232 3320 1317 3385 nulla
1334 3321 1403 3386 red·

154 3427 283 3508 deretur,
305 3447 341 3495 er
356 3431 428 3494 trrnc
443 3427 566 3494 lorado
580 3445 634 3512 per
656 3445 712 3495 nos
727 3428 808 3496 dicto
826 3431 938 3497 tutoric
953 3432 1077 3499 nomine
1092 3433 1189 3501 eidem
1205 3435 1226 3500 J
1227 3437 1318 3502 oanni
1336 3437 1406 3503 duci

155 3545 236 3610 lecta
264 3544 359 3611 edam
388 3544 474 3611 nulla
495 3546 528 3610 et
548 3543 689 3610 inefficax
711 3544 808 3612 silet
836 3565 903 3613 esse
932 3551 1090 3614 censeatur
1112 3568 1146 3616 eo
1168 3551 1244 3635 ipso.
1290 3553 1405 3618 Datum

157 3659 287 3726 viterbii
310 3661 367 3726 sub
390 3661 481 3726 anulo
504 3659 671 3727 Piscatoris
692 3659 743 3726 die
765 3661 826 3728 xiii
849 3665 984 3748 lugidi
1006 3665 1160 3732 mdnviii.
1206 3668 1406 3734 Pontificatus

156 3777 260 3843 nostri.
306 3780 394 3842 Anno
417 3777 530 3862 quinto.

1114 4017 1317 4103 ilvangelista.

378 4243 422 4310 llr
444 4244 589 4328 origirnli
610 4245 797 4331 descriptum
819 4245 857 4312 de
879 4249 970 4314 verbo
990 4249 1031 4314 ad
1053 4251 1179 4317 verbum

573 4361 622 4428 Jo.
645 4363 756 4429 cardo·
780 4363 817 4429 do
841 4362 996 4433 Salviatis.
