3380 5088
694 341 938 407 -313-

780 653 855 720 236.

461 819 660 878 Mercurius
683 819 883 879 Gattlnarla
905 818 1078 878 Clementi
1101 817 1174 877 vn.

638 927 724 1015 (litt.
740 927 834 1013 pn'ne.
850 929 889 994 ll.
906 925 996 1014 402).

673 1043 738 1130 (27.
754 1045 825 1114 Dee.
844 1043 953 1131 1524).

279 1205 317 1270 ln
339 1207 402 1270 tam
426 1205 582 1271 communi
603 1207 775 1272 uestrorum
798 1205 935 1272 omnium
959 1206 1008 1271 vel
1030 1205 1125 1270 totius
1149 1205 1251 1290 petius
1275 1203 1442 1271 Christiani

190 1321 273 1386 urbis
295 1321 425 1400 laeticia,
455 1341 508 1404 pro
536 1322 686 1406 singulari
716 1341 783 1388 mea
812 1321 934 1406 pietate,
963 1323 1166 1406 perpetuaque
1195 1320 1388 1387 observantia
1411 1322 1443 1386 et

189 1435 274 1502 cultu
297 1437 330 1502 in
353 1457 375 1502 s.
392 1457 419 1502 v.
436 1437 532 1503 facere
556 1455 616 1505 nou
639 1438 725 1522 potui
740 1437 814 1522 quin
836 1438 893 1504 bas
909 1438 1028 1504 litteras
1044 1454 1128 1503 meas
1151 1437 1190 1502 ad
1213 1455 1282 1503 eam
1297 1435 1406 1521 privat·

190 1551 295 1619 darem
317 1553 449 1637 totisque
472 1553 568 1619 animi
583 1553 699 1620 viribus
722 1572 776 1638 pre
798 1573 831 1620 re
846 1555 911 1619 tam
936 1554 1049 1632 sancta,
1073 1554 1139 1618 tam
1162 1551 1353 1637 reipublicae,
1377 1554 1441 1618 tam
1527 1623 1534 1635 ,

190 1667 279 1734 nobis
301 1668 443 1734 omnibus
459 1669 595 1748 salutari,
619 1668 717 1736 sidem
733 1670 911 1754 gratularer.
944 1667 1092 1749 Quaeres
1107 1668 1194 1734 tante
1210 1668 1352 1734 omnibns
1367 1687 1440 1752 gre·

190 1783 250 1849 tier
264 1785 373 1863 evenit,
396 1803 454 1868 que
469 1785 636 1851 maioribus
653 1784 763 1850 studiis
780 1785 1002 1869 expectabatur,
1025 1785 1133 1870 vixque
1148 1783 1261 1851 litteris
1277 1783 1443 1867 exprimere

190 1917 313 1982 possem
335 1902 448 1984 quante
462 1899 574 1986 gaudio
597 1903 770 1986 quantaque
785 1900 906 1967 laeticia
928 1901 1069 1985 perfusus
1092 1899 1184 1967 luerit
1199 1898 1309 1965 Caesar
1332 1901 1443 1974 nester,

191 2016 243 2100 qui
264 2016 327 2083 iam
351 2017 414 2083 reti
437 2035 559 2102 compes
583 2016 690 2097 lactus,
713 2036 794 2083 nnnc
816 2016 949 2083 maxime
972 2015 1008 2084 de
1032 2035 1064 2082 se
1088 2017 1180 2101 atque
1202 2016 1268 2082 teta
1290 2015 1444 2100 republica

190 2133 267 2199 bene
283 2151 403 2217 sperare
418 2135 533 2217 petest:
557 2152 651 2216 quum
666 2133 694 2198 is
713 2132 825 2199 demun
841 2133 882 2198 sit
904 2132 1004 2198 faetus
1025 2131 1160 2216 peutilex
1174 2131 1336 2211 maximus,
1359 2130 1445 2196 cuius

193 2267 283 2333 opera
299 2268 317 2313 a
333 2249 380 2315 tet
399 2249 534 2315 bestium
550 2247 672 2315 insidiis
695 2251 907 2316 conservatum
921 2247 1085 2332 imperinm
1100 2267 1287 2333 regnumque
1302 2247 1333 2313 et
1347 2245 1444 2331 ipsine

191 2364 327 2431 dominia
337 2364 490 2431 vindicata
505 2364 627 2445 luerint,
642 2382 874 2449 compressaque
889 2364 1030 2430 nonnihil
1045 2363 1167 2430 dolosae
1182 2362 1284 2447 gentis
1295 2361 1444 2447 superbia.

192 2478 280 2561 Quod
302 2481 340 2546 ad
355 2501 405 2547 me
421 2480 533 2546 attinet
557 2499 643 2565 spere
666 2499 742 2566 quae
765 2480 896 2565 pristina
919 2481 978 2546 luit
993 2501 1020 2547 r.
1038 2500 1061 2546 s.
1077 2479 1111 2546 in
1134 2499 1183 2547 me
1198 2479 1339 2545 veluntas
1354 2480 1445 2564 atque

191 2615 264 2681 erga
286 2615 379 2675 meos,
402 2596 480 2662 mihi
500 2615 562 2663 nen
586 2595 768 2677 defuturam,
796 2599 827 2663 et
850 2597 877 2662 si
900 2597 973 2681 quid
997 2598 1094 2663 merte
1125 2595 1314 2662 sanctissimi
1335 2595 1445 2661 Leonis

194 2731 230 2796 ae
252 2712 380 2779 Adriani
401 2711 510 2779 deinde
531 2712 685 2797 pontilicis
708 2713 859 2778 creatione
881 2711 970 2777 fratri
999 2731 1067 2778 meo
1089 2712 1248 2797 demptum
1271 2711 1338 2792 luit,
1366 2710 1446 2794 qued

194 2827 293 2895 eidem
316 2847 334 2894 a
357 2827 552 2894 sanctissime
574 2829 673 2895 leone
695 2829 795 2894 luerat
818 2828 973 2907 collatum,
996 2847 1023 2893 v.
1048 2847 1071 2895 s.
1095 2827 1240 2894 beneficio
1262 2846 1323 2894 neu
1346 2826 1445 2892 selum

194 2943 452 3027 compensandum
476 2943 528 3009 sed
551 2945 582 3008 et
611 2942 785 3028 eugendum
814 2943 893 3010 lere:
923 2962 1014 3029 quem
1037 2941 1160 3027 quidem
1190 2942 1316 3009 fratrem
1339 2961 1374 3007 ae
1396 2960 1446 3006 me

194 3077 255 3125 nen
270 3059 359 3124 aliter
375 3078 401 3125 r.
419 3079 441 3124 s.
458 3058 713 3125 commendandos
729 3078 835 3126 eensee
858 3077 951 3144 quam
966 3059 1001 3124 ut
1016 3058 1135 3144 propria
1151 3057 1313 3142 mancipia,
1335 3056 1445 3142 quibus

194 3193 248 3258 pro
270 3174 359 3240 libito
382 3175 428 3241 uti
449 3175 553 3240 liceat:
576 3175 815 3260 contendamque
837 3177 869 3242 et
890 3175 935 3241 ita
957 3193 1012 3260 ego
1036 3194 1155 3259 semper
1177 3193 1227 3240 me
1249 3193 1352 3259 gerere
1375 3193 1444 3240 eum

197 3309 220 3354 s.
236 3310 262 3355 r.
286 3291 321 3355 ut
343 3289 517 3376 intelligere
545 3290 645 3374 pessit
666 3309 716 3356 me
739 3309 774 3356 ex
796 3291 846 3357 bis
876 3310 971 3357 uuum
995 3309 1061 3356 esse
1091 3289 1143 3374 qui
1171 3288 1304 3355 maxime
1328 3307 1447 3372 semper

197 3403 316 3471 studere
339 3404 468 3473 debeant
490 3426 517 3471 r.
541 3425 564 3472 s.
588 3405 702 3491 optatis
731 3407 822 3491 atque
849 3405 1000 3472 voluntati
1029 3404 1175 3472 inservire
1197 3406 1245 3470 etc
1246 3456 1378 3472 .....
1401 3404 1446 3469 llx

196 3520 390 3605 Pampilema
412 3521 501 3589 xxvii.
524 3520 710 3588 Decembris.
923 3521 1091 3589 Mercurius
1115 3520 1151 3587 de
1175 3519 1357 3586 Gallinaria

788 3808 862 3875 237.

388 3973 636 4034 Ferdlnandus
659 3975 759 4034 arch.
784 3975 951 4035 Austrlae
973 3974 1073 4034 Matt.
1097 3973 1256 4033 Giberto.

666 4083 754 4171 (Litt.
768 4083 863 4167 princ
879 4082 903 4148 I.
919 4082 986 4168 45).

698 4200 741 4287 (a.
756 4198 826 4265 em
846 4197 954 4284 rans).

287 4358 496 4426 Ferdinaudus
511 4359 570 4426 Dei
590 4361 693 4446 gratia
713 4361 855 4446 princeps
877 4361 908 4426 et
928 4358 1032 4426 inians
1054 4358 1282 4444 Hispaniarum,
1305 4356 1449 4424 arebidux

198 4475 356 4556 lustriae,
380 4475 439 4542 dux
462 4475 672 4560 Burgundiae,
702 4473 871 4560 imperialis
897 4476 1123 4544 leccumtenens
1153 4473 1304 4560 generalis
1327 4475 1382 4540 etc.
1406 4510 1451 4524 -
