3396 5090
769 322 1009 389 „150-

261 516 396 597 voluisti,
418 517 451 582 in
474 535 533 602 qua
554 519 624 601 post
639 516 781 584 Rhodum
796 519 917 603 captam
941 516 1090 584 eademst
1112 509 1276 585 stationem
1291 516 1422 586 militias
1444 536 1517 586 suae

262 633 452 713 collocarent
474 653 551 717 quae
565 635 639 699 tunc
653 633 692 699 ab
706 633 771 700 iilis
786 635 906 718 recepta
920 652 982 700 non
996 633 1063 712 sarit
1087 653 1147 699 non
1162 633 1236 718 quin
1251 633 1343 701 hrerit
1356 635 1421 700 illis
1435 634 1515 700 libe-

263 749 371 815 ralitas
393 750 448 814 tun
476 751 580 833 grata,
611 748 664 814 sed
693 749 765 834 quia
794 751 829 815 ut
850 750 913 835 ipsi
938 750 1027 815 nohis
1056 751 1254 829 rettulerunt,
1284 770 1345 817 non
1374 753 1439 817 erat
1467 750 1516 816 ilii

263 865 347 931 locus
370 864 523 930 domicilio
542 865 632 950 aptus
655 883 690 931 ex
705 884 764 950 quo
787 866 920 933 multum
941 866 1084 951 prodesse
1098 865 1275 933 christianis
1290 867 1434 951 gentibus
1457 865 1513 932 ad-

264 998 368 1046 versus
391 981 541 1064 impetum
563 979 730 1046 Turcarum
752 983 892 1064 possent;
919 1000 954 1049 oo
977 982 1080 1047 autern
1104 983 1176 1047 sunt
1199 981 1301 1047 animo
1325 981 1352 1047 si
1374 981 1515 1048 idoneam

264 1095 366 1161 sedem
389 1096 472 1162 nocti
494 1095 616 1175 mama,
639 1096 666 1161 si
688 1116 823 1180 unquam
847 1097 924 1162 alias
948 1097 986 1164 ab
1009 1097 1054 1163 eis
1077 1098 1110 1163 in
1129 1097 1370 1182 propugnatione
1394 1099 1516 1164 sanctae

263 1210 335 1278 fidei
357 1211 416 1278 fuit
445 1212 625 1290 laboratum,
655 1212 782 1296 posthac
810 1213 943 1279 manime
971 1214 1123 1290 laborare;
1152 1213 1344 1299 iudicareque
1373 1213 1515 1279 omnibus

262 1327 408 1393 virtatem
438 1327 498 1393 sibi
533 1347 689 1412 nunquam
717 1346 876 1413 prosperos
911 1330 1014 1396 autem
1049 1328 1148 1396 esitus
1177 1329 1340 1415 aliquando
1375 1329 1517 1409 defuisse,

263 1461 339 1528 quos
361 1445 465 1510 tamen
487 1445 672 1510 correcturos
694 1465 727 1512 se
748 1444 901 1511 industria
923 1447 954 1512 et
976 1445 1138 1531 vigilantia
1160 1445 1330 1524 confidunt3
1353 1446 1463 1530 quibus
1485 1447 1517 1510 et

263 1578 316 1643 por
337 1578 394 1626 nos
409 1561 440 1626 et
454 1575 507 1644 per
529 1561 560 1626 te
583 1562 613 1626 et
627 1578 681 1645 per
703 1577 755 1627 eos
778 1581 884 1628 omnes
907 1563 960 1645 qui
975 1559 1091 1627 Christi
1113 1561 1246 1646 gloriam
1261 1563 1386 1628 charam
1400 1560 1516 1628 habent

263 1676 311 1742 est
333 1675 560 1756 consulendum,
589 1694 643 1761 per
665 1677 695 1742 te
719 1679 822 1743 autem
845 1677 1002 1763 praecipue
1032 1678 1118 1744 cuius
1141 1680 1173 1744 et
1194 1679 1330 1762 potestas
1359 1676 1463 1762 ampla
1485 1679 1516 1743 st

263 1791 404 1858 voluntas
427 1792 478 1877 pia
501 1792 591 1878 atqua
607 1793 712 1858 sancta
728 1810 847 1875 semper
868 1793 978 1859 extitit.
1017 1793 1198 1860 Venientem
1214 1813 1286 1880 ergo
1302 1793 1418 1861 dictum
1437 1792 1514 1859 Phi-

262 1907 382 1992 lippum
404 1906 443 1972 ad
459 1911 564 1974 ser.tum
579 1908 666 1974 tuam
688 1909 723 1974 ut
745 1908 878 1975 humane
900 1927 936 1976 ac
949 1909 1118 1977 liberaliter
1133 1910 1263 1995 excipias
1288 1913 1515 1995 temagnopere

262 2022 296 2088 in
318 2023 449 2090 Domino
472 2021 684 2105 adhortamur,
714 2043 749 2090 ac
777 2024 947 2108 postulanti
969 2044 987 2090 a
1009 2028 1041 2092 te
1062 2044 1098 2092 ea
1126 2026 1240 2093 auxilia
1269 2028 1359 2112 atque
1388 2026 1516 2092 consilia

264 2139 374 2224 quihus
397 2140 428 2205 et
449 2139 515 2206 eius
538 2139 674 2225 dignitas
697 2141 728 2206 et
750 2140 818 2226 ipss
839 2141 948 2227 religio
970 2142 1116 2208 constitui
1144 2142 1242 2228 possit
1265 2142 1404 2208 animum
1425 2161 1515 2208 nien·

263 2257 385 2340 temque
407 2256 589 2322 accomodes.
636 2253 723 2335 Quod
744 2255 856 2324 efficiet
879 2263 974 2323 ser.tas
996 2258 1050 2323 tua
1072 2277 1133 2324 non
1149 2260 1248 2325 solum
1271 2259 1331 2325 sibi
1353 2259 1383 2324 et
1399 2257 1516 2323 nomini

264 2388 318 2436 suo
341 2372 373 2436 et
394 2371 519 2456 reliquis
541 2371 604 2437 tuis
618 2372 764 2456 preclaris
788 2372 959 2440 actionibus
975 2375 1219 2455 consentaneum,
1243 2373 1297 2440 sed
1319 2376 1350 2440 et
1365 2375 1430 2440 Deo
1445 2393 1513 2441 om-

264 2485 414 2570 nipotenti
429 2505 464 2553 oc
479 2487 566 2554 nobis
582 2487 735 2573 imprimis
757 2491 889 2574 gratum.
935 2491 1051 2557 Datum
1066 2491 1181 2558 Romae
1196 2492 1251 2557 stc.
1275 2489 1324 2556 die
1343 2489 1411 2556 xxii
1427 2487 1516 2556 Junii

264 2601 381 2669 mdxrv.
426 2603 516 2669 Anno
538 2604 675 2671 secundo.
1008 2584 1013 2592 ’

827 2719 950 2807 (Foris).

636 2833 759 2902 Cassam
781 2854 835 2921 pro
857 2837 1007 2922 magistro
1029 2837 1139 2906 Rhodi

351 3063 506 3132 Cardinali
515 3067 666 3133 Borbonio
682 3104 726 3114 -
742 3045 832 3154 super
840 3068 1041 3135 dissolutione
1056 3069 1246 3136 matrimonii
1260 3067 1396 3137 acarolo
1413 3069 1512 3151 Ques-

263 3181 324 3247 moi
347 3182 492 3248 attentati
513 3200 583 3249 cum
607 3201 706 3250 sorore
729 3183 830 3249 moris
854 3203 925 3250 suae
947 3183 1122 3252 demortuae
1145 3223 1189 3232 -
1210 3184 1299 3252 iunii
1320 3205 1386 3253 xxv.
1424 3187 1513 3253 Anno

262 3299 298 3363 ut
321 3315 420 3382 supra.

351 3412 431 3478 Duci
453 3413 599 3479 Borbonii
613 3449 658 3460 -—
671 3413 726 3479 hit
747 3413 881 3498 pontifex
898 3433 930 3480 se
944 3417 1080 3481 locutum
1102 3415 1197 3482 fuisse
1213 3436 1283 3483 cunr
1297 3416 1415 3484 Joanne
1430 3417 1512 3484 Lan-

262 3530 371 3612 gnetoc
394 3527 458 3594 eins
480 3527 709 3595 eleemosinario
731 3527 837 3614 illique
860 3549 915 3596 sua
937 3531 1064 3597 consilia
1088 3533 1328 3598 communicasse
1351 3532 1513 3616 adipsum

263 3640 371 3708 ducem
392 3641 576 3727 perforendo.
1077 3647 1191 3714 Emem
1212 3648 1261 3715 die
1283 3650 1315 3714 et
1337 3667 1424 3715 anno.

847 3907 919 3972 117.

746 4071 833 4145 Regi
855 4071 1035 4133 Poloniae.

354 4221 526 4290 (tutissime.
573 4220 657 4305 Quae
679 4223 717 4291 de
739 4225 901 4292 serenitate
916 4228 970 4293 tna
992 4245 1010 4292 a
1033 4226 1153 4294 dilectis
1176 4227 1250 4296 filiis
1265 4229 1428 4297 Laurentio
1445 4249 1513 4298 car-

263 4338 361 4404 dinali
383 4336 548 4423 Campegio
570 4339 673 4426 legato
695 4342 728 4407 et
749 4340 796 4407 Jo.
812 4341 946 4408 Antonio
961 4343 1119 4409 Prelleone
1142 4344 1255 4412 barone
1268 4345 1378 4430 Burgii
1396 4347 1514 4413 nunciis

263 4453 377 4520 nostris
399 4451 570 4538 accepimus
593 4459 698 4523 ser.toul
722 4455 863 4524 videlicet
884 4459 969 4524 tuam
994 4479 1049 4525 sua
1071 4459 1165 4526 etiarn
1180 4461 1333 4545 legatione
1355 4463 1386 4528 et
1408 4465 1513 4531 aucto·
