3366 5084
680 334 901 408 ..55-

164 540 278 625 aperire
301 539 402 606 vellet.
447 535 649 602 1111111
674 531 878 620 superioribus
901 532 1007 599 diebus
1036 531 1210 599 destinante
1237 550 1310 617 rege
1331 531 1414 598 chri·

164 655 354 722 alienissimo
375 655 495 738 partem
517 653 672 736 copiarum
696 670 820 716 suarum
844 649 883 715 11
905 669 1035 734 regnum
1049 648 1288 732 Neapolitanum
1309 646 1413 732 impu·

164 772 330 856 qnamdam,
353 790 423 836 eum
446 769 484 834 ab
508 768 563 834 ilia
591 769 695 833 mente
724 768 754 832 et
784 767 935 832 sententia
965 764 1154 850 argumentis
1185 766 1216 830 et
1245 763 1414 831 rationibus

163 889 400 962 detraxissemus
425 884 511 973 (nam
534 885 629 949 armis
651 885 698 949 uti
719 903 815 967 neque
845 882 1007 948 consilium
1029 881 1169 948 nostrum
1191 899 1326 966 unquam
1347 879 1415 960 1111

163 1003 334 1070 11111111
364 1003 392 1068 11
413 1001 624 1080 voluissemus,
653 1001 775 1084 propter
803 999 1012 1066 incredibilem
1036 996 1123 1064 Sedis
1153 996 1335 1081 apostolieae
1363 996 1414 1062 in-

163 1119 265 1203 opiam
287 1119 352 1184 erat
368 1115 512 1202 facultas)
530 1115 719 1201 speravimus
741 1135 830 1200 posse
845 1133 901 1181 nos
923 1115 1073 1180 rationem
1089 1115 1224 1199 aliquem
1240 1113 1414 1180 concordiae

163 1234 296 1300 invenire
319 1235 354 1298 11
376 1234 567 1318 gravioribus
582 1232 725 1317 perieulis
741 1234 959 1298 occurreretur:
982 1250 1018 1298 ea
1033 1233 1136 1297 autem
1160 1250 1212 1315 spe
1227 1229 1267 1296 ad
1281 1230 1415 1296 nihilum

163 1349 291 1428 1111111
314 1347 384 1415 cnm
406 1349 488 1414 idem
512 1348 787 1414 christianissimus
800 1341 861 1413 'rex
883 1345 1055 1433 repetiisset
1077 1346 1239 1413 consilium
1253 1345 1351 1431 partis
1367 1347 1415 1413 111

162 1465 308 1533 exercitus
331 1465 363 1530 11
386 1483 516 1549 regnum
538 1465 708 1548 predictum
723 1464 899 1543 mittendae,
922 1466 1082 1548 essentque
1104 1463 1217 1530 armati
1238 1483 1292 1548 per
1314 1464 1414 1529 status

162 1589 224 1648 1.11
246 1580 390 1646 ecclesiae
414 1598 449 1645 ac
471 1582 591 1647 nostros
613 1581 702 1646 nobis
735 1581 903 1647 inermibus
926 1567 985 1646 iter
1007 1580 1125 1659 facturi
1157 1581 1204 1646 vel
1225 1579 1327 1664 potius
1349 1579 1413 1646 iarn

162 1697 309 1775 facerent,
332 1697 433 1761 visum
456 1697 504 1762 est
525 1696 613 1763 nobis
638 1716 699 1763 non
721 1697 810 1762 modo
833 1689 950 1763 iustum
972 1716 1078 1762 verum
1100 1695 1194 1761 etiam
1209 1695 1414 1761 necessarium

162 1813 263 1897 aliqua
292 1811 525 1877 conventionum
554 1811 614 1878 fide
636 1832 740 1896 regem
762 1814 864 1897 ipsum
893 1812 1082 1898 obstringere
1104 1813 1199 1878 utne
1220 1803 1309 1877 nobis
1337 1831 1413 1877 neve

163 1909 232 1994 Sedi
255 1928 439 2012 apostolicae
461 1930 632 1994 noceretur:
656 1929 688 1994 in
704 1946 761 2013 quo
785 1948 906 1996 necesse
921 1928 981 1994 fuit
1002 1948 1058 1994 nos
1073 1927 1122 1996 illi
1144 1946 1261 2013 quoque
1276 1927 1413 1994 vicissim

161 2044 329 2110 amicitiam
352 2046 383 2109 at
405 2044 648 2111 benevolentiam
670 2045 855 2130 promittere,
877 2021 1122 2129 fidemque'dare
1137 2043 1218 2110 nihil
1239 2043 1268 2110 ei
1282 2063 1336 2128 per
1356 2035 1413 2109 nos

160 2161 223 2226 ulla
245 2159 279 2226 in
300 2179 333 2225 re
356 2161 492 2226 nocitum
514 2160 568 2225 iri:
591 2179 668 2244 quae
690 2161 852 2244 promissio
876 2162 981 2227 nostra
1003 2159 1118 2227 nullius
1140 2161 1174 2226 in
1196 2159 1344 2228 damnum
1358 2179 1413 2227 neo

160 2276 360 2360 preiudieium
388 2275 516 2342 tendens
548 2273 727 2362 (nonenim
756 2277 944 2344 intendimus
966 2277 1016 2343 vel
1044 2277 1190 2361 punctum
1220 2275 1413 2343 discederes

160 2393 301 2478 pristinis
318 2390 477 2478 amicitiis)
495 2392 589 2458 etiam
605 2393 695 2458 antea
717 2413 771 2478 per
786 2411 841 2459 nos
857 2393 1057 2460 nihilominus
1072 2393 1299 2478 praestabatur:
1322 2394 1413 2479 atque

159 2508 234 2574 haec
257 2507 381 2592 quidem
404 2507 562 2574 conventio
584 2509 629 2574 ite
652 2508 768 2575 sincere
789 2509 820 2576 et
836 2508 1017 2593 simpliciter
1039 2510 1088 2574 est
1109 2507 1198 2588 facte,
1220 2503 1256 2574 ut
1277 2507 1345 2593 ipsa
1358 2527 1413 2594 per

162 2643 193 2689 se
215 2623 305 2689 heile
327 2623 468 2689 ostendat
482 2623 563 2689 nihil
576 2641 595 2688 a
609 2625 698 2689 nobis
720 2624 892 2709 quaesitum
914 2645 981 2690 esse
995 2624 1058 2691 nisi
1078 2623 1170 2691 fidem
1185 2625 1309 2710 quidem
1323 2625 1413 2692 nobis

161 2739 192 2802 et
214 2739 418 2816 securitatem,
449 2739 633 2806 christianae
663 2759 732 2806 rero
754 2740 938 2824 reipublicae
960 2741 1153 2808 commodum
1176 2741 1208 2808 11
1235 2740 1411 2807 utilitatem.

161 2851 236 2920 Cum
252 2854 336 2919 enim
350 2853 575 2921 christianitate
597 2857 687 2922 bellis
703 2856 856 2941 armisque
870 2856 1026 2924 intestinis
1041 2858 1163 2942 penitus
1178 2856 1294 2936 attrita
1313 2857 1411 2923 hostis

160 2968 242 3035 ferox
257 2969 355 3034 Turca
376 2971 471 3036 instet
487 2959 643 3054 adportas
659 2972 809 3038 excidium
824 2973 966 3038 omnibus
981 2975 1012 3038 et
1030 2973 1240 3057 captivitatem
1255 2972 1412 3051 minitans,

161 3103 290 3169 cumque
311 3084 449 3151 videatur
462 3079 465 3085 ’
479 3106 653 3170 supremam
683 3089 771 3155 nobis
800 3088 942 3155 omuibus
964 3089 1082 3156 cladem
1111 3109 1172 3155 nou
1199 3087 1303 3156 minus
1324 3107 1413 3174 posse

161 3219 253 3284 quarn
276 3201 354 3266 velle
376 3200 502 3280 inferre,
532 3203 611 3270 nihil
639 3205 837 3288 perniciosius
866 3205 996 3289 eogitari
1016 3203 1126 3289 ipotest
1154 3223 1247 3290 quam
1276 3205 1311 3271 11
1341 3223 1411 3271 cru·

161 3315 279 3381 delibus
302 3316 397 3380 11111
420 3316 457 3382 11
479 3317 600 3384 infestis
624 3319 687 3385 eius
710 3319 781 3385 fidei
810 3320 944 3386 inimicis
972 3320 1177 3404 nosmetipsos
1208 3320 1412 3399 conficiamus,

161 3449 218 3514 quo
242 3431 285 3496 111
307 3431 463 3498 teterrimo
487 3433 518 3498 et
540 3433 765 3502 immanissimo
788 3435 870 3501 hosti
893 3435 932 3502 11
955 3436 1187 3522 opprimendum
1209 3434 1412 3502 christianum

162 3547 192 3611 et
220 3546 404 3613 abolendum
433 3568 545 3615 nornen
574 3550 676 3616 aditus
705 3553 847 3634 paratior.
894 3552 958 3618 Hoc
981 3570 1036 3618 nos
1065 3572 1158 3637 gram
1187 3552 1219 3618 11
1246 3551 1412 3617 imminens

161 3663 329 3746 perieulum
344 3682 418 3730 cum·
429 3665 648 3747 provideamus,
664 3668 695 3732 et
710 3667 773 3734 iam
788 3687 880 3752 prope
895 3687 1018 3752 presens
1033 3668 1241 3748 formidemus,
1259 3667 1412 3734 voluimus

161 3779 254 3845 etiam
278 3779 360 3844 viam
383 3783 414 3845 et
428 3779 598 3864 auspicium
621 3783 678 3847 hoc
700 3785 803 3848 nostro
818 3784 898 3850 fecto
920 3785 1062 3869 praebere
1085 3784 1161 3868 paci,
1184 3786 1219 3849 ut
1233 3782 1411 3867 intelligant

160 3893 184 3958 ii
206 3893 317 3978 quibus
333 3894 567 3962 christianitatis
584 3899 666 3963 salus
681 3899 772 3964 chara
787 3901 835 3967 est
849 3902 879 3966 et
898 3901 1040 3967 interitus
1055 3901 1212 3978 molestus,
1235 3898 1412 3966 christianis

163 4009 240 4076 inter
264 4030 295 4075 se
318 4013 350 4076 et
372 4012 476 4078 cedere
499 4014 530 4078 et
552 4013 733 4098 placabilius
763 4035 829 4082 esse
852 4036 955 4082 veram
984 4017 1085 4083 inesse
1107 4016 1244 4094 laudem;
1268 4016 1412 4083 adversus

162 4145 229 4192 vero
252 4127 364 4209 impios
387 4127 509 4208 1111111,
533 4130 585 4214 qui
607 4131 686 4196 nihil
709 4131 794 4197 aliud
815 4151 907 4217 quam
930 4135 1145 4200 extinctionem
1160 4135 1258 4200 nostri
1279 4133 1414 4201 nominis

162 4242 335 4321 moliuntur,
359 4243 478 4309 animos
494 4245 678 4331 spiritusque
694 4249 797 4314 viriles
820 4251 851 4314 et
873 4251 950 4317 11111
968 4252 1104 4318 11111111
1125 4251 1319 4338 1111111111
1341 4271 1411 4336 par-

162 4357 294 4424 tinacias·
315 4360 522 4443 suscipiendas
552 4382 626 4428 esse.
679 4363 762 4444 Quae
785 4385 840 4431 nos
863 4365 902 4432 ad
923 4368 1117 4435 nobilitatem
1146 4370 1233 4434 tuam
1255 4368 1413 4436 scribenda
1515 4419 1519 4429 .

162 4471 311 4554 duximus,
334 4476 401 4543 tum
423 4479 459 4542 ut
480 4478 549 4562 ipsa
563 4497 633 4546 cum
655 4481 715 4547 isto
737 4480 852 4568 inclyto
875 4482 1012 4552 dominio
1024 4485 1123 4551 nostri
1144 4484 1266 4552 consilii
1287 4503 1411 4552 causam
