3400 5088
787 334 1032 408 ..affl-..n

750 571 752 576 '
873 567 944 632 104.

653 731 934 806 Archleplscopo
957 730 1165 790 Cneznensi.

371 887 479 953 Vena·
502 883 597 952 frater
613 886 744 951 salutmn
767 886 822 953 etc.
867 885 963 951 Decet
983 883 1018 950 in
1032 903 1068 951 ea
1090 903 1161 950 cura
1176 885 1207 950 et
1222 884 1435 964 sollicitudine,
1457 904 1534 970 quae

281 1019 337 1068 nos
358 1019 413 1087 pro
436 999 551 1066 chusai
573 999 700 1068 Domini
729 1001 826 1068 nostri
848 999 907 1066 lide
936 999 1149 1077 conservanda
1179 1001 1211 1066 et
1233 1000 1332 1067 salute
1360 999 1531 1066 animamm

279 1117 385 1202 populi
406 1116 507 1184 fidelis
529 1116 717 1202 procuranda
732 1117 926 1184 vehementer
948 1115 1069 1199 premit
1092 1115 1236 1180 adhibere
1250 1115 1284 1180 in
1299 1115 1418 1198 purtem
1432 1114 1533 1186 cuuis

280 1249 341 1313 ece,
363 1247 438 1320 quos
454 1233 493 1300 ab
508 1232 645 1298 omnium
660 1231 808 1299 donorum
822 1233 968 1317 largitore
983 1233 1048 1297 Deo
1071 1231 1193 1296 dotibus
1208 1232 1240 1296 et
1254 1230 1419 1296 nutatione
1436 1230 1533 1296 animi

279 1335 435 1416 decoratos
457 1348 677 1432 cognoscimus,
722 1345 800 1414 Cum
828 1366 901 1433 ergo
931 1347 967 1413 de
990 1347 1083 1413 neca
1109 1348 1181 1412 tuae
1202 1345 1371 1431 prudentia,
1400 1365 1436 1412 nc
1458 1345 1531 1412 reli·

246 1456 249 1462 ’
279 1465 378 1551 pone
400 1461 432 1530 et
453 1482 527 1548 erga
549 1482 705 1530 summum
728 1463 828 1530 Deum
851 1463 1027 1542 reverentie,
1057 1480 1093 1528 ae
1114 1462 1229 1546 pictate
1251 1479 1311 1529 uon
1341 1463 1440 1528 solum
1462 1461 1530 1546 cpi·

278 1581 401 1648 nicuem
431 1579 484 1645 sed
506 1581 620 1644 certam
650 1579 793 1650 notitiam
817 1579 991 1659 habeamus,
1023 1578 1183 1662 doleatque
1212 1577 1300 1644 nobis
1329 1579 1476 1644 maiorem
1498 1577 1531 1642 in

279 1697 404 1765 modum
434 1697 513 1761 hanc
535 1695 727 1761 Luthernuae
755 1695 895 1762 hereseos
925 1695 1039 1760 sectam
1068 1713 1139 1758 cum
1168 1694 1255 1759 ianm
1278 1694 1309 1759 et
1330 1695 1395 1760 tem
1424 1693 1531 1759 acerba

278 1815 446 1880 multorum
468 1811 600 1896 pernicie
622 1810 766 1896 grassari
789 1812 820 1876 et
836 1810 864 1875 si
885 1809 918 1875 in
932 1809 992 1875 isto
1014 1809 1129 1894 inclyto
1151 1827 1244 1894 regno
1266 1809 1364 1894 ipsius
1379 1807 1531 1876 carissimi

278 1930 312 1995 in
328 1927 449 1994 Christo
463 1926 522 1993 tilii
536 1927 634 1993 nostri
649 1925 842 2012 sigismundi·
856 1925 999 1992 Polcniae
1015 1925 1096 2010 regie
1111 1925 1243 1990 illustris
1260 1925 1418 2009 sapientia
1440 1926 1531 2009 atque

278 2043 441 2129 integritas
464 2043 553 2110 nobis
575 2043 734 2127 perspecta
755 2043 811 2121 eet
841 2041 894 2126 qui
915 2059 977 2107 non
998 2044 1047 2108 est
1068 2060 1214 2126 passurus
1237 2041 1361 2106 divinae·
1389 2040 1531 2125 religioni

279 2159 475 2244 etantiquae
497 2158 557 2224 Dei
584 2157 656 2224 fidei
678 2157 840 2243 quicquam
863 2157 925 2224 fore
948 2157 1127 2237 detaetum,
1157 2159 1262 2224 tamen
1284 2156 1454 2222 metientes
1477 2174 1528 2222 oe·

279 2277 379 2342 cultae
401 2276 434 2340 in
463 2275 583 2358 plebem
605 2273 734 2339 insidiae
757 2272 910 2339 sathanae
939 2291 974 2338 ac
996 2273 1204 2357 mteutgcnlee
1233 2272 1319 2338 fram
1341 2275 1428 2338 tuam
1457 2289 1527 2355 pro·

278 2391 440 2458 vincialem
453 2389 602 2474 synodum
617 2390 845 2468 celebraturam
861 2388 919 2455 tibi
927 2387 1181 2455 committendum
1193 2387 1344 2468 duximus,
1360 2391 1395 2454 ut
1409 2392 1529 2456 nostae

278 2508 359 2573 vices
380 2507 415 2573 in
436 2506 493 2572 hoe
515 2505 640 2590 negocio
656 2503 772 2590 gerens,
795 2523 831 2570 ae
853 2504 900 2570 tui
921 2504 1084 2589 pastoralia
1099 2503 1193 2570 officii
1213 2502 1314 2572 debito
1337 2507 1457 2572 mmsis
1470 2505 1527 2571 ad-

277 2623 384 2688 hibeas
406 2639 529 2688 onmem
550 2639 656 2688 curam
677 2623 709 2688 et
731 2621 934 2705 diligentiam,
957 2638 1016 2705 quo
1038 2620 1110 2686 huie
1132 2621 1290 2700 succiet
1307 2621 1429 2706 impiae,
1452 2640 1528 2708 quae

278 2739 311 2804 in
333 2738 443 2822 populo
466 2736 525 2804 Dei
553 2739 655 2803 exorta
677 2739 733 2815 eet
762 2736 953 2802 Lutheranee
982 2735 1154 2802 cammiteti
1182 2737 1266 2803 locus
1295 2737 1329 2802 in
1350 2737 1412 2804 istc
1434 2755 1527 2822 regno

279 2855 382 2934 nullus
405 2854 499 2921 detur.
547 2852 606 2919 Sed
627 2856 696 2919 tum
717 2853 799 2937 apud
827 2871 932 2937 regem
959 2853 1071 2935 ipsum,
1093 2853 1162 2916 tum
1190 2852 1272 2937 apud
1300 2855 1433 2920 coeteros
1455 2871 1526 2938 pro-

278 2971 391 3050 videas,
419 2987 553 3049 moneas,
582 2970 710 3049 hortere,
733 2971 867 3053 atquae
895 2967 967 3034 fidei
990 2969 1112 3034 amotae
1133 2968 1168 3033 in
1189 2986 1248 3051 quo
1277 2969 1362 3035 salue
1390 2969 1529 3036 omnium

278 3089 334 3166 est
363 3085 543 3152 documenta
565 3104 584 3151 a
606 3085 773 3164 maioribus
803 3083 925 3163 nostrie,
955 3085 986 3148 et
1007 3084 1046 3148 ab
1074 3083 1142 3166 ipso
1172 3081 1288 3167 Spiritu
1317 3083 1428 3151 Sancto
1457 3084 1530 3150 data

279 3203 360 3281 sunt
382 3221 418 3268 ea
433 3201 544 3286 ubique
558 3200 682 3285 quidem
703 3202 743 3268 ab
759 3200 829 3266 aliis
852 3200 1025 3266 constanter
1047 3200 1079 3264 et
1100 3198 1149 3282 pie
1164 3202 1386 3280 conserventur,
1409 3201 1448 3266 ab
1462 3199 1529 3283 ipso

279 3320 382 3408 aptam
397 3317 512 3401 optimc
527 3317 558 3382 et
573 3315 838 3400 praestantissimo
860 3333 931 3400 rege
946 3315 1151 3380 conservanda
1173 3317 1205 3380 et
1219 3313 1415 3382 custodienda
1438 3335 1527 3382 rnen·

279 3417 396 3532 dintur.
442 3431 528 3512 Quod
552 3433 588 3510 si,
610 3432 690 3516 quod
713 3433 796 3498 Deus
819 3432 945 3509 evenat
968 3430 1071 3514 aliqua
1092 3430 1137 3496 ibi
1160 3431 1278 3496 semina
1300 3432 1404 3498 tantm
1432 3431 1529 3516 pestis

279 3547 455 3634 cognoveris
484 3547 642 3632 pullulare,
671 3545 771 3614 eidem
800 3547 857 3612 stu
884 3549 955 3612 trae
977 3546 1210 3626 committimus,
1240 3565 1275 3612 ac
1297 3547 1476 3613 neumam
1499 3548 1530 3614 et

280 3663 487 3732 omnimodam
515 3664 698 3748 pensum
727 3664 829 3728 tenore
858 3663 1047 3747 presentium
1069 3661 1186 3741 damus
1216 3664 1306 3748 atque
1328 3661 1529 3741 concedimus,

280 3797 331 3846 eoa
353 3779 407 3864 qui
427 3779 508 3862 lapsi
529 3779 600 3858 sint
623 3777 664 3844 ac
684 3777 847 3863 pristinem
863 3777 1002 3844 veriatis
1025 3777 1107 3842 viam
1130 3778 1297 3858 revocandi,
1320 3781 1352 3844 et
1374 3779 1401 3844 si
1420 3778 1529 3844 erroris

279 3895 351 3962 illos
378 3894 569 3979 poenituerit
599 3895 639 3959 ab
668 3893 810 3960 omnibus
839 3893 944 3977 poenis
967 3895 998 3960 et
1027 3891 1162 3958 censuris
1191 3894 1322 3959 incursis
1344 3893 1531 3978 poenitemia

281 4009 409 4076 salutari
428 4010 574 4094 imposita
596 4008 782 4076 absolvendi
828 4007 863 4074 Si
884 4027 954 4074 reno
976 4009 1146 4092 pertinaces
1161 4008 1282 4088 luerint
1305 4008 1418 4075 ciebitis
1433 4010 1465 4074 et
1482 4009 1528 4074 lc·

281 4125 402 4212 gilimie
423 4128 492 4191 tum
514 4143 534 4190 a
555 4125 629 4204 iure,
651 4143 745 4209 qnam
766 4143 821 4208 per
842 4125 961 4190 bullam
983 4125 1020 4190 fe.
1036 4144 1077 4190 re.
1099 4125 1209 4190 Leonis
1232 4125 1269 4191 li
1284 4124 1532 4226 praedecessoris

280 4241 379 4308 noeti
393 4241 588 4326 praescriptis
611 4240 716 4325 poenis
730 4259 784 4324 per
798 4241 838 4320 te,
860 4241 910 4306 rel
924 4241 1029 4319 alium,
1053 4259 1106 4306 eeu
1121 4241 1207 4320 aiios,
1230 4241 1314 4307 omni
1329 4241 1531 4324 appellatione

280 4356 404 4424 omuino
425 4356 536 4422 reiecta
558 4355 719 4437 afficiendi,
740 4356 880 4423 invocato
902 4356 997 4422 etiam
1019 4356 1048 4421 si
1069 4374 1145 4440 cpue
1167 4356 1259 4423 inerit
1280 4356 1392 4422 audlio
1414 4356 1532 4423 brachii

282 4473 453 4552 amulone,
469 4477 560 4556 suptr
574 4473 687 4558 quibus
697 4473 840 4538 omnibus
854 4471 977 4554 panem
992 4470 1051 4538 libi
1068 4471 1219 4540 tradimus
1233 4474 1338 4540 noenu
1352 4472 1532 4539 auctoritate
