3396 5090
696 351 741 362 -
793 319 857 381 233
904 353 947 362 -

192 507 240 572 sui
262 505 365 574 debite
388 507 562 576 adiumenta
586 527 653 576 esse
670 509 750 589 velit
775 511 805 576 et
821 493 1015 579 hortabimur¹
1036 531 1105 580 eam
1121 527 1248 598 semper,
1271 517 1302 581 et
1326 533 1447 601 sperare

191 643 227 688 ac
249 624 397 691 confidere
419 642 480 691 nen
495 624 686 693 desistemus.
732 627 849 693 Datum
864 629 979 696 Romae
994 631 1062 708 etc,
1075 628 1123 696 die
1139 630 1209 696 xvii.
1226 629 1303 697 blaii
1317 629 1447 698 mdxrvi.

191 739 280 806 auno
304 741 402 807 tertio.

773 881 879 890 *-

282 972 434 1040 Altobellc
449 976 587 1060 episcopo
604 977 733 1043 Pelensi
745 1015 788 1024 -
801 976 969 1044 Constituit
984 997 1053 1046 eum
1064 980 1207 1048 nuntium
1217 981 1296 1065 apud
1305 983 1448 1066 Venetos,

192 1093 329 1158 revocate
344 1091 461 1158 Thema
484 1091 578 1158 electe
601 1092 759 1160 Feltrensi.
805 1094 863 1160 Die
886 1094 954 1161 urii.
982 1093 1049 1160 blai
1071 1095 1202 1162 mclxxvi
1238 1097 1327 1164 bunc
1349 1099 1447 1166 tertie.

281 1325 441 1392 Franciscc
464 1323 684 1394 Guiceiardinc.
702 1364 744 1374 —
760 1325 926 1394 Constituit
949 1347 1019 1396 eum
1034 1329 1171 1414 pontifex
1192 1331 1448 1398 locumtenentem

194 1463 282 1511 susum
298 1443 332 1509 in
347 1443 486 1509 universe
501 1441 644 1508 ecclesiae
661 1444 752 1520 stetu,
776 1443 924 1511 mandens
948 1463 1064 1529 queque
1081 1445 1235 1512 Friderieo
1250 1446 1288 1513 (le
1304 1445 1448 1532 Gonzaga

195 1559 362 1626 marchioni
384 1557 529 1626 Mantuae
552 1557 581 1625 S.
598 1559 634 1626 R.
656 1561 689 1625 Ε.
713 1561 870 1644 capitanea
893 1561 1037 1646 generali,
1064 1560 1164 1628 Guido
1189 1561 1225 1628 de
1247 1563 1447 1649 Rangenibua

193 1675 388 1760 gubernatori
409 1675 594 1742 exercituum
615 1676 768 1760 pontificis
791 1678 823 1742 et
836 1676 949 1744 Joanni
965 1676 1002 1742 ‹le
1018 1677 1148 1744 Medicis
1171 1677 1369 1746 ecclesiastici
1391 1699 1446 1764 pe-
1538 1715 1545 1725 ·

194 1792 309 1858 ditatus
333 1792 489 1877 capitaneo
503 1792 639 1878 generali
661 1793 716 1859 ete.
740 1795 775 1858 ut
798 1793 825 1858 ei
841 1793 984 1860 obediant
999 1794 1054 1860 etc.
1086 1793 1144 1859 Die
1160 1793 1199 1860 vi.
1215 1793 1303 1862 Junii
1316 1794 1448 1865 minui

196 1909 283 1975 bunc
305 1907 404 1975 tertie.

787 2171 859 2238 178.

723 2336 916 2399 Caesarb

285 2488 458 2559 Carissime.
495 2491 607 2576 Aliqua
624 2495 695 2560 sunt
712 2511 788 2578 quae
802 2493 890 2559 nobis
906 2492 1024 2576 praeter
1044 2491 1186 2557 naturam
1201 2495 1340 2559 nostram
1357 2513 1446 2578 prae-

195 2609 300 2694 terque
316 2610 503 2676 voluntatem
526 2629 596 2675 cum
620 2629 740 2675 summa
763 2609 894 2693 quadam
909 2607 1090 2675 necessitate
1105 2607 1299 2686 incumbant;
1323 2606 1447 2694 quaesi

196 2726 476 2810 praetermittamus
500 2745 554 2792 nec
577 2724 649 2792 boni
664 2725 816 2810 pontificis
840 2724 947 2805 officie,
971 2743 1025 2790 nec
1041 2723 1177 2790 iustitiae
1194 2723 1325 2792 laventis
1341 2727 1372 2792 et
1389 2744 1446 2809 pa-

196 2841 375 2908 trocinantis
397 2842 543 2926 principis
566 2841 668 2909 debite
692 2841 865 2908 satisfacere
887 2860 976 2925 posse
999 2839 1163 2906 videamur.
1210 2838 1313 2906 Coacti
1341 2861 1446 2909 sumus

196 2959 273 3025 inire
295 2977 330 3025 ea
353 2958 479 3024 consilia
503 2977 555 3042 per
578 2977 654 3041 quae
675 2958 812 3024 libertati
834 2957 943 3023 Italiae
966 2958 997 3023 at
1019 2956 1206 3041 periclitanti
1229 2955 1357 3024 Sanctae
1376 2955 1449 3024 Sedi

196 3075 378 3160 apcetelicae
400 3074 551 3159 praesidio
575 3075 682 3152 simus,
711 3075 744 3140 in
767 3075 877 3160 quibus
900 3075 953 3140 tua
976 3072 1029 3139 diu
1051 3072 1115 3139 iam
1138 3091 1156 3140 a
1178 3073 1266 3141 nobis
1289 3076 1447 3159 expectata

195 3195 226 3257 et
249 3193 287 3258 ab
309 3192 451 3258 omnibus
475 3194 595 3276 sperata
617 3190 713 3258 animi
741 3191 839 3259 virtus
862 3191 893 3257 et
916 3189 1090 3273 musano,
1121 3190 1239 3257 sicam
1262 3190 1445 3260 medicinam

197 3308 339 3374 adbibere
354 3307 492 3386 voluerit,
507 3326 583 3393 quae
598 3309 629 3374 et
644 3307 824 3374 facilitatem
840 3327 858 3374 a
874 3308 959 3391 parte
974 3309 1027 3372 tua
1041 3307 1142 3386 babet
1158 3309 1189 3373 et
1203 3309 1239 3374 ut
1253 3327 1308 3374 nos
1324 3307 1447 3394 quidem

197 3427 275 3491 recte
296 3423 475 3502 iudicamus,
506 3423 600 3490 etiam
623 3425 763 3508 gloriam,
793 3425 824 3490 et
846 3423 1023 3503 utilitatem,
1054 3423 1176 3508 magnis
1200 3422 1258 3490 erit
1281 3423 1445 3491 terroribus

175 3543 226 3606 'et
248 3541 391 3626 periculis
414 3539 622 3606 christianitas
645 3540 782 3607 liberata.
828 3541 874 3606 De
896 3539 1007 3624 quibus
1031 3539 1172 3606 omnibus
1197 3539 1359 3606 scribimus
1380 3541 1445 3606 lar·

196 3658 276 3742 giter
297 3657 336 3722 ad
359 3654 410 3722 dil.
427 3656 456 3722 fi.
472 3655 510 3723 lo.
527 3655 657 3722 carlilem
673 3657 728 3722 etc.
745 3656 961 3722 Baldassarem
977 3657 1032 3722 etc.
1051 3657 1122 3739 (eie)
1141 3657 1175 3722 ut
1198 3676 1267 3722 cum
1291 3660 1372 3722 ser.te
1393 3658 1446 3722 tua

195 3773 330 3840 conferat
358 3790 393 3838 ac
422 3771 632 3838 eommunicet.
684 3771 882 3838 Obtestamur
911 3791 964 3856 per
994 3770 1161 3838 Dominum
1191 3771 1298 3839 Jesum
1328 3773 1447 3857 patrem

196 3889 295 3956 omnis
325 3887 549 3954 misericordiae
579 3893 683 3954 ser.leni
713 3889 800 3954 tuam
823 3889 858 3952 ut
889 3886 1026 3953 animum
1049 3888 1081 3954 et
1109 3905 1214 3954 auram
1243 3887 1386 3955 adbibere
1409 3887 1447 3953 ed

194 4005 312 4072 (lictum
333 4005 471 4090 legatum
486 4003 721 4071 auscultandum
743 4005 775 4069 et
789 4003 945 4088 providere
960 4003 1098 4088 publicae
1114 4003 1208 4071 saluti
1222 4023 1328 4088 pacem
1343 4005 1447 4090 aequis

195 4120 419 4188 conditionibus
442 4119 652 4205 amplectendo
674 4121 706 4186 et
728 4119 917 4187 continendis
949 4138 1072 4187 suorum
1095 4118 1315 4205 cupiditatibus
1338 4139 1373 4187 ac
1395 4120 1445 4186 in·

195 4238 283 4303 iuriis
304 4237 386 4303 intua
408 4235 513 4321 legum
535 4237 566 4302 et
588 4235 752 4321 aequitatis
782 4237 858 4302 lines
881 4235 965 4316 velit,
993 4237 1029 4301 ut
1051 4235 1177 4320 reliquis
1200 4235 1237 4302 de
1260 4235 1325 4302 vita
1356 4235 1446 4302 etde

197 4353 326 4419 fortunis
350 4352 414 4420 suuis
437 4351 537 4419 vivere
553 4353 666 4419 securis
689 4351 787 4418 liceat.
834 4351 921 4433 Quod
943 4351 1001 4418 erit
1016 4369 1084 4418 nen
1099 4351 1198 4418 famae
1222 4353 1321 4419 solum
1344 4352 1377 4417 et·
1394 4345 1445 4416 sass

194 4469 327 4553 pientiae
348 4469 418 4536 tuae
441 4467 551 4537 mebus
574 4469 673 4536 multe
695 4467 932 4547 accomodatum,
956 4465 1009 4534 sed
1025 4467 1241 4553 tranquillitati
1264 4465 1358 4533 etiam
1380 4467 1445 4533 bm
