3400 5088
781 333 1006 400 ·ι-υυ-Ρ

272 521 515 611 desideriumque
538 529 678 594 nostrum
692 529 840 597 vellemus
855 530 888 596 id
909 530 1052 613 primum,
1075 527 1154 614 quod
1169 529 1201 596 υτ
1215 527 1304 594 facile
1318 527 1374 607 est,
1396 527 1427 591 et
1442 525 1520 592 alio·

269 661 337 708 rum
354 643 417 709 iam
432 645 568 728 exemplo
584 642 835 726 demonstratum,
858 648 893 712 ut
907 646 1006 730 qualis
1022 645 1208 730 Retisponae
1228 643 1367 728 peritios
1382 641 1518 710 clarissi-

270 775 345 835 mos,
368 760 400 824 et
422 759 671 844 religiosissimos
694 780 830 845 proceres
854 761 1010 828 concordia
1026 762 1112 840 initu,
1135 763 1166 827 υτ
1187 759 1292 826 foedus
1315 759 1431 825 factum
1453 757 1521 837 fuit

195 887 198 894 '
269 893 328 957 quo
350 861 475 942 causum
498 874 621 956 Christi,
651 879 682 943 υτ
704 879 797 962 patrii
819 879 942 945 honoris
972 877 1127 944 communi
1148 896 1204 960 ope
1226 877 1258 942 et
1280 874 1391 941 annuo
1414 874 1519 940 defen-

269 987 401 1056 dendam
417 993 621 1076 susceperunt,
644 993 717 1059 talis
736 995 821 1061 fieret
843 996 923 1061 inter
945 997 1086 1074 coeteros,
1110 993 1162 1078 qui
1177 993 1328 1076 potestate
1347 990 1520 1075 principum
1583 1069 1585 1076 Ι
1695 1007 1696 1014 ’

204 1123 208 1130 ·
270 1106 408 1188 praediti,
431 1109 463 1180 et
485 1111 620 1176 mentem
635 1110 757 1188 hahent
780 1112 812 1178 et
835 1111 1022 1177 voluntatem
1045 1110 1084 1176 ad
1106 1110 1234 1176 honeste
1256 1109 1287 1173 et
1311 1108 1416 1172 sancta
1430 1123 1521 1190 opera

269 1224 417 1307 paratam,
440 1225 473 1290 in
488 1243 617 1308 quorum
632 1246 766 1308 numero,
786 1247 857 1294 oum
872 1248 926 1294 vos
940 1246 1002 1294 non
1017 1226 1161 1293 mediocri
1176 1223 1357 1291 auctoritate
1370 1221 1520 1306 polleatis,

269 1337 428 1404 hortamur
457 1319 633 1407 nobilitates
664 1344 782 1410 vestras
805 1345 839 1410 in
861 1344 991 1424 domino,
1022 1345 1053 1409 et
1074 1362 1128 1426 per
1150 1341 1266 1408 viscera
1296 1337 1521 1406 misericordiae

268 1454 326 1520 Dei
349 1456 446 1522 nostri
467 1458 532 1523 toto
562 1457 658 1523 animi
688 1459 789 1525 studio
812 1460 1004 1545 requirimus,
1033 1461 1069 1525 ut
1097 1458 1256 1524 convenire
1284 1475 1354 1524 oum
1384 1452 1520 1531 caeteris,

267 1589 341 1654 quos
366 1572 522 1640 vobiscum
552 1573 758 1642 iudicaveritis
788 1576 851 1644 fore
873 1575 1105 1653 consentientes,
1134 1591 1315 1658 operamque
1337 1571 1417 1648 dare,
1445 1570 1518 1642 hor.-

266 1686 335 1764 tari,
358 1707 488 1768 monere,
512 1690 627 1756 instare
649 1691 784 1778 ,denique
807 1690 910 1757 velitis
932 1693 968 1757 ut
989 1690 1107 1758 foedere
1130 1691 1210 1757 inter
1233 1707 1286 1768 ros
1308 1688 1397 1764 facto,
1420 1703 1517 1770 popu-

265 1801 382 1870 laribus
397 1806 541 1884 motibus,
557 1810 588 1872 υτ
603 1807 788 1890 periculosae
803 1807 1015 1891 imperitorum
1025 1806 1165 1873 licentiae
1180 1804 1391 1872 communibus
1408 1799 1519 1867 studiis

268 1921 438 2002 resistatur,
461 1922 705 2008 quandoquidem
728 1923 767 1989 ad
789 1925 876 2009 vulgi
898 1925 1016 1990 mentes
1040 1923 1240 1990 seditionibus
1264 1920 1408 1987 adversus
1431 1919 1517 2002 prin·

266 2036 347 2120 cipes
371 2056 441 2104 suos
464 2039 667 2118 concitandas,
691 2041 765 2106 haec
788 2039 956 2125 plurimum
979 2039 1205 2105 sumministret
1226 2039 1318 2122 ignis,
1341 2038 1373 2103 υτ
1387 2034 1520 2101 incendii

265 2150 305 2216 ad
327 2153 464 2219 omnium
495 2154 658 2238 perniciem
687 2157 719 2220 ct
741 2155 959 2222 detrimentum
987 2156 1090 2221 exorta
1112 2154 1286 2221 Lutherans
1307 2153 1408 2219 factio.
1455 2151 1519 2218 Hoc

266 2287 321 2334 nos
344 2269 531 2337 consulimus
553 2271 666 2337 noenu·
690 2272 800 2338 vestris
822 2272 957 2356 primum
979 2272 1018 2338 oh
1039 2271 1184 2338 honorem
1199 2270 1266 2350 Dei,
1288 2269 1519 2352 animarumque

264 2384 313 2450 illi
335 2385 554 2470 desponsaram
577 2387 717 2468 satutem
748 2406 877 2473 quarum
900 2387 1059 2454 interitum
1088 2405 1201 2471 magno
1224 2405 1294 2453 cum
1316 2385 1418 2451 doloro
1440 2403 1516 2469 quo-

263 2501 339 2567 tidie
362 2502 520 2570 sentirnus.
565 2503 684 2570 Deinde
706 2503 786 2589 quod
808 2504 900 2570 istius
923 2503 1011 2570 nobis
1027 2503 1245 2570 dilectissimae
1267 2501 1400 2569 nationis
1423 2499 1518 2585 quies,

264 2618 296 2682 υτ
317 2635 376 2701 pax
398 2618 486 2684 nobis
509 2620 556 2685 est
578 2619 781 2703 optatissima.
826 2620 984 2686 Postremo
1006 2619 1079 2704 quia
1101 2638 1170 2685 cum
1193 2620 1312 2684 vestras
1333 2618 1439 2684 nebu·
1460 2633 1517 2700 pa·

266 2734 350 2799 terna
367 2734 577 2801 benevolentia
592 2736 820 2819 amplectamur,
844 2735 908 2801 sivo
923 2735 956 2801 in
971 2736 1027 2801 hoc
1042 2753 1130 2819 opere
1153 2737 1201 2801 est
1215 2734 1321 2820 gloria
1346 2734 1410 2798 siro
1424 2731 1519 2799 etiam

265 2848 400 2930 utilitas,
430 2851 587 2934 utriusque
618 2851 757 2935 cupimus
787 2853 903 2917 rushes
933 2853 1040 2918 nubre·
1068 2851 1222 2934 imprimis
1251 2869 1318 2917 esso
1346 2847 1518 2933 participes.

256 2963 386 3034 ¹Accidit
400 2966 511 3044 autem
534 2966 622 3049 quasi
644 2967 831 3032 occasionem
853 2967 1016 3050 praebente
1037 2967 1110 3046 Deo,
1133 2968 1169 3031 ut
1191 2986 1260 3032 cum
1283 2964 1412 3031 dilectis
1433 2962 1517 3028 filius

265 3082 368 3146 noster
383 3079 431 3146 m
443 3057 536 3146 'carre
558 3081 759 3165 Moguutinus
774 3084 829 3149 etc.
846 3083 1002 3149 civitatem
1018 3081 1315 3166 Mngdehurgensem
1330 3078 1519 3164 quorundum

266 3196 377 3262 scelere
400 3197 431 3262 et
452 3196 611 3280 impietate
633 3217 746 3281 magno
769 3217 839 3263 cum
861 3199 997 3265 tumultu
1020 3199 1069 3264 his
1092 3197 1246 3282 preteritis
1269 3197 1376 3262 diebus
1399 3194 1438 3260 ad
1459 3193 1516 3259 he·

265 3311 358 3378 resim
381 3313 563 3396 prolapsam,
586 3331 640 3396 pro
663 3313 736 3379 boni
758 3315 898 3397 pastoris,
922 3315 953 3381 υτ
969 3313 1146 3398 dignissimi
1168 3312 1332 3379 cardinalis
1355 3309 1456 3377 debito
1479 3309 1519 3374 ad

267 3446 354 3493 verce
376 3428 500 3511 pietatis
523 3429 555 3494 et
576 3428 765 3494 obedieutiae
788 3429 936 3512 pristinae
958 3429 1093 3495 officium
1109 3427 1279 3495 instituerit
1300 3443 1446 3504 reuocare,
1469 3423 1517 3489 vi·

267 3542 374 3608 deatur
402 3542 435 3608 id
458 3543 546 3610 facile
569 3545 738 3624 effecturus,
769 3546 796 3610 si
825 3547 926 3612 vestra
948 3546 979 3612 et
1001 3547 1188 3611 caeterorum
1217 3546 1298 3610 rocta
1321 3539 1519 3608 sentientium

266 3658 380 3724 auxilia
399 3658 450 3724 illi
471 3678 532 3725 non
555 3659 714 3739 defuerint,
736 3661 770 3726 in
792 3681 852 3746 qua
874 3682 907 3727 rc
929 3681 985 3728 nos
1008 3661 1102 3727 etiam
1126 3660 1170 3726 sic
1191 3662 1268 3726 bene
1290 3659 1428 3742 coeptam
1450 3674 1519 3721 eam

267 3773 433 3840 uiderimus
461 3775 649 3842 intendimus
678 3794 733 3859 ope
762 3779 867 3842 nostra
898 3777 1090 3844 intervenire.
1135 3774 1195 3842 Sed
1217 3777 1252 3841 υτ
1272 3774 1306 3840 id
1328 3772 1467 3857 prompte
1489 3773 1521 3835 υτ

248 3889 404 3982 ¹animose
426 3889 489 3966 fiat,
512 3890 670 3956 hortamur
693 3890 789 3959 denuo
812 3897 897 3958 notaa
921 3895 1046 3970 vestras,
1069 3894 1105 3956 υτ
1127 3893 1315 3975 interponere
1331 3889 1432 3974 partes
1449 3905 1520 3952 suas

268 4004 370 4072 velint.
417 4003 577 4073 Nollcmus
601 4007 663 4073 vim
686 4025 742 4073 nos
765 4008 897 4092 quidem,
921 4007 974 4074 sed
996 4010 1031 4072 ut
1053 4007 1298 4074 mensuetudinis
1320 4006 1352 4070 υτ
1373 4002 1518 4069 humani·

267 4121 342 4187 tetis
371 4122 472 4207 potius
495 4123 545 4188 vie
574 4123 774 4208 proficeretur.
822 4123 881 4190 Sed
911 4124 938 4190 si
960 4123 992 4189 id
1015 4142 1075 4189 nou
1098 4123 1206 4208 potest,
1236 4121 1336 4188 omnis
1359 4120 1441 4186 iuste
1473 4119 1520 4183 vis

268 4239 316 4304 est
339 4237 454 4303 iniusta
476 4239 676 4323 permissione
698 4241 730 4307 υτ
745 4239 933 4325 negligentia
957 4239 1102 4316 sanction
1126 4258 1161 4304 ac
1183 4237 1347 4304 dnmmodo
1364 4238 1447 4302 sulus
1469 4235 1520 4300 in·

268 4354 391 4434 teretur,
414 4355 478 4420 sive
500 4375 553 4439 per
575 4356 648 4435 viru,
672 4356 735 4422 sive
758 4375 812 4446 per
832 4357 1030 4438 voluntatem,
1052 4357 1214 4444 utrumque
1237 4357 1268 4420 ct
1290 4355 1338 4420 est
1360 4355 1392 4418 υτ
1414 4351 1519 4437 appel·

267 4469 350 4540 latur
365 4469 507 4542 ohadtes.
