3400 5088
775 316 1020 382 -152—

863 541 934 606 110.

653 705 845 766 Franetsco
870 707 1132 767 Guleoiardtno.

353 860 471 926 Dilecta
494 861 549 926 fili.
595 859 678 926 Haec
694 862 867 946 temporum
889 865 920 928 et
942 883 1043 928 rerum
1059 862 1255 946 perturbatio,
1279 881 1355 945 quae
1371 863 1458 927 tanta
1474 862 1522 928 est

265 978 411 1058 quantam
435 996 495 1041 non
518 977 595 1041 alias
618 977 680 1042 fere
702 978 839 1043 extitisse
862 979 1022 1058 credimus
1045 977 1127 1062 cogit
1142 997 1198 1043 nos
1221 978 1326 1062 inopes
1350 964 1521 1062 quotidiani

264 1092 468 1176 ordinauitque
498 1093 639 1173 remedii,
669 1093 708 1158 ad
732 1095 859 1159 consilia
882 1093 1043 1178 confugere
1072 1093 1280 1172 inusitatam,
1311 1113 1387 1178 quae
1417 1096 1521 1159 tamen

264 1204 473 1292 praeclareat
497 1209 643 1275 salutaria
667 1211 729 1276 fore
753 1230 813 1276 non
836 1210 1022 1290 dubitamus,
1046 1211 1074 1276 si
1097 1230 1162 1276 rem
1185 1211 1261 1276 bene
1285 1211 1458 1294 susceptam
1481 1210 1520 1276 ad

265 1326 405 1410 optutum
428 1326 543 1392 exitum
566 1326 733 1409 poterimus
756 1327 932 1413 perducere;
955 1347 1083 1411 cumque
1106 1327 1139 1392 in
1154 1327 1304 1394 eiusmodi
1327 1328 1431 1394 nostro
1447 1347 1520 1392 con-

267 1442 337 1507 silio
361 1442 531 1527 exequendo
555 1443 688 1509 multum
711 1445 743 1509 in
765 1444 825 1511 fide
847 1445 878 1509 et
901 1445 1012 1510 virtute
1035 1445 1089 1508 tua
1104 1443 1341 1528 acquiescamus,
1365 1442 1521 1509 mittimus

266 1557 306 1624 ad
328 1560 359 1625 te
382 1559 434 1625 111.
457 1559 500 1625 fil.
524 1558 688 1625 Nicolaum
711 1559 961 1626 Malchiavcllum
992 1559 1089 1625 civem
1118 1559 1338 1640 Florentinum,
1369 1580 1439 1625 cum
1462 1577 1520 1644 qno

265 1675 368 1741 omnia
391 1675 478 1742 nobis
502 1675 634 1740 tractata
656 1677 878 1742 communicata
908 1674 1139 1758 examinataque
1163 1677 1243 1756 sunt,
1274 1675 1327 1759 qui
1350 1675 1389 1740 ad
1412 1678 1442 1741 te
1465 1675 1519 1740 ‹le-

265 1793 344 1858 ferat
368 1793 456 1877 teque
478 1793 567 1876 plene
590 1792 732 1870 instruat,
762 1793 793 1856 et
815 1792 889 1876 quid
911 1811 966 1857 nos
990 1790 1252 1876 designaverimus
1277 1811 1404 1875 quemve
1427 1791 1520 1858 tinem

267 1911 437 1993 spectemus
461 1909 553 1974 faciat
576 1908 742 1974 certiorem.
788 1908 878 1974 Hunc
900 1928 971 1992 ergo
995 1907 1233 1991 diligentissime
1254 1908 1359 1974 audies
1382 1911 1413 1974 et
1428 1908 1519 1974 fidem

265 2025 295 2090 ei
320 2043 474 2088 summam
498 2024 639 2100 habebis;
663 2043 698 2088 ac
722 2025 748 2089 si
772 2024 873 2108 tuqui
896 2024 928 2090 in
951 2044 982 2089 re
1004 2022 1139 2107 presenti
1162 2043 1194 2088 es
1218 2024 1394 2108 cognoveris
1417 2026 1448 2089 et
1470 2023 1518 2088 iu·

267 2140 378 2206 dicans
402 2139 524 2205 facilem
548 2140 610 2205 fore
641 2159 705 2206 rem
728 2142 759 2206 et
782 2140 820 2206 ad
842 2160 912 2205 eum
936 2140 1050 2206 exitum
1073 2139 1226 2224 adquam
1248 2159 1301 2223 per
1324 2159 1379 2206 nos
1401 2140 1520 2206 intenta

266 2257 314 2321 est
329 2255 540 2340 profecturam,
565 2257 672 2322 statim
688 2275 743 2322 nos
766 2249 803 2322 116
819 2257 903 2323 omni
925 2258 979 2322 tua
994 2254 1133 2340 opinione
1157 2274 1192 2320 ac
1213 2255 1364 2321 sententia
1379 2256 1521 2321 certiores

266 2371 371 2449 facias,
396 2371 422 2436 si
445 2391 515 2438 vero
537 2391 596 2456 quo
619 2371 722 2437 minus
751 2372 888 2456 expedite
911 2374 942 2438 et
964 2373 1054 2456 plane
1077 2371 1181 2455 pertici
1210 2371 1309 2456 possit
1338 2372 1441 2457 aliqua
1461 2371 1520 2437 tibi

269 2489 390 2554 obstare
413 2489 443 2552 et
466 2487 683 2571 impedimento
706 2508 772 2554 esse
794 2486 977 2554 videbuntur
999 2488 1035 2554 ue
1058 2487 1199 2554 omnibus
1222 2507 1308 2552 cures
1331 2489 1366 2552 ut
1389 2487 1521 2555 sommus

269 2605 304 2668 ut
327 2604 406 2688 quod
421 2599 559 2689 expedire
582 2604 613 2669 et
635 2604 668 2669 in
690 2624 756 2670 rem
771 2624 837 2671 esse
860 2604 961 2670 visum
984 2604 1071 2671 nobis
1095 2603 1188 2669 fuerit
1201 2603 1355 2688 possimus
1378 2603 1520 2670 continuo

270 2720 443 2786 deliberare.
489 2721 550 2786 Res
566 2739 679 2806 magna
702 2721 799 2786 estut
821 2721 992 2787 iudicamus
1014 2723 1044 2787 et
1061 2721 1144 2787 salus
1160 2722 1207 2785 est
1230 2720 1263 2785 in
1285 2738 1321 2785 ea
1336 2739 1404 2786 cum
1423 2721 1521 2784 status

270 2836 468 2902 ecclesiastici
497 2838 564 2901 tum
587 2836 682 2902 totius
705 2836 814 2904 Italiae
844 2857 879 2902 ac
910 2856 1001 2922 prope
1032 2836 1189 2902 universae
1213 2835 1449 2902 christianitatis
1471 2856 1520 2902 re·

270 2953 377 3037 posita.
409 2951 467 3018 Sed
490 2972 564 3038 opus
588 2971 654 3018 esse
677 2952 862 3018 arbitramur
884 2972 944 3018 non
968 2953 1067 3018 solum
1090 2951 1194 3017 ordine
1216 2953 1248 3016 et
1270 2951 1432 3036 diligentia
1455 2951 1520 3016 sin·

270 3069 371 3153 gulari
387 3068 440 3134 sed
454 3069 627 3135 nostrorum
641 3049 737 3134 etiam
751 3069 931 3152 populorum
947 3069 1047 3134 studio
1063 3071 1154 3152 atque
1169 3087 1278 3134 amore.
1318 3065 1521 3147 Quamobrem

271 3186 305 3251 tu
327 3184 376 3250 eui
390 3185 557 3268 plurimum
573 3185 724 3251 credimus
739 3185 849 3270 quique
864 3204 988 3269 presens
1010 3186 1168 3270 perspecta
1183 3184 1293 3250 habere
1308 3183 1411 3250 omnia
1426 3184 1521 3269 potes,

271 3320 303 3366 16
326 3301 401 3366 bene
425 3301 463 3365 ab
486 3300 553 3385 ipso
576 3300 703 3367 Nicolao
726 3301 890 3381 intellecta,
914 3301 1021 3366 statim
1044 3321 1099 3367 nos
1123 3320 1175 3385 per
1203 3300 1324 3366 litterae
1348 3299 1522 3365 secretiores

271 3416 418 3496 edocebis,
448 3416 520 3501 quid
551 3417 609 3482 tibi
631 3417 667 3483 de
690 3437 723 3482 11
752 3419 818 3484 1611
849 3416 993 3497 11161111,
1023 3417 1057 3484 11
1079 3436 1137 3502 quo
1167 3417 1199 3481 et
1228 3415 1421 3501 diligentiam
1451 3416 1523 3480 ate

272 3532 427 3616 querimus
442 3533 473 3597 et
488 3532 683 3599 celeritatem.
729 3534 845 3599 Datum
860 3533 975 3599 Romae
991 3534 1046 3600 etc.
1063 3532 1111 3598 die
1127 3533 1165 3598 vi.
1181 3531 1203 3598 J
1204 3531 1269 3597 unii
1284 3531 1402 3597 mdrxv.
1434 3530 1522 3597 Anno

273 3645 411 3713 secundo.

864 3909 937 3975 111.

804 4073 999 4135 Caesari.

363 4225 534 4294 Carissimo.
581 4227 638 4294 His
662 4227 769 4295 diebus
792 4249 862 4296 eum
884 4229 922 4295 de
950 4228 1134 4295 tumultibus
1157 4227 1339 4296 Germaniae
1362 4247 1438 4314 quae
1462 4229 1522 4295 1116

273 4343 341 4409 tota
362 4343 427 4408 illis
449 4343 555 4427 impiis
578 4344 769 4411 Lutheranae
797 4344 991 4430 pestilentiae
1015 4343 1183 4412 seminibus
1205 4347 1383 4430 perturbata
1405 4345 1444 4410 ad
1466 4363 1522 4411 no·

274 4459 384 4524 biliam
407 4461 438 4525 et
459 4459 632 4544 principum
655 4479 778 4527 suorum
801 4461 922 4527 caedem
946 4460 1198 4545 ecclesiarumque
1228 4460 1428 4546 direptionem
1450 4479 1522 4527 con·
