3366 5084
795 272 1018 344 ..62-

274 467 478 537 conficiendae
499 468 582 555 apud
603 469 699 537 istum
722 471 929 554 praestantem
952 472 983 538 ct
999 471 1132 538 nobilem
1154 472 1322 558 principem
1337 476 1392 541 est.
1431 471 1531 554 Quam

276 605 382 670 pacem
406 585 434 652 si
455 605 516 652 non
531 586 614 652 Deus
636 586 724 653 nobis
741 589 772 652 et
793 607 895 653 rernm
910 587 1145 653 christianarum
1167 589 1334 656 necessitas
1348 589 1530 674 praebuerit,

277 702 381 767 omnia
403 703 555 768 cernimus
578 702 617 767 ad
639 705 808 769 extremum
823 704 983 769 interitum
1005 704 1194 786 proruitura:
1218 706 1298 788 quod
1320 706 1373 772 ille
1396 707 1531 771 avertere

276 817 419 902 dignetur
434 818 520 884 cuius
534 819 685 884 immensa
700 819 821 884 bonitas
830 820 862 884 61
870 819 1078 885 misericordia
1093 820 1230 886 omnium
1246 823 1384 887 nostmm
1398 821 1531 904 peccatis

277 935 325 1000 est
348 934 490 1018 superior.
529 933 594 1000 Nos
618 935 720 1000 onmia
736 933 836 999 officia
850 937 955 1000 nostra
971 937 1061 1020 atque
1083 937 1140 1001 hoc
1155 937 1335 1018 praesertim
1357 935 1441 1021 pacis
1457 957 1529 1020 pro-

276 1049 426 1115 curandae
455 1050 488 1115 in
517 1050 664 1115 memoria
694 1070 812 1134 semper
841 1051 978 1116 habituri
1007 1071 1112 1116 sumus
1143 1053 1322 1136 gratamque
1352 1052 1411 1118 tibi
1440 1053 1530 1118 1666

276 1166 465 1232 voluntatem
488 1167 625 1231 nostram
652 1165 811 1231 ostensuri.
857 1166 973 1231 Datum
995 1167 1110 1234 Romae
1133 1170 1187 1232 616.
1218 1168 1267 1233 116
1296 1167 1365 1233 xvii.
1389 1166 1531 1232 lanuarii

278 1281 397 1346 mdrxv.
442 1281 642 1347 Pontificatus
666 1300 744 1347 anno
769 1281 906 1348 secundo.

877 1515 929 1581 45.

694 1672 886 1731 Archiduci
909 1673 1085 1732 lustriae.
1093 1665 1117 1750 1)

363 1827 481 1891 Dilecto
504 1823 559 1890 fili.
598 1824 674 1890 Cum
691 1845 725 1890 ea
741 1845 816 1909 qnae
831 1826 868 1892 16
891 1825 1063 1892 nobilitatis
1081 1829 1149 1891 1666
1173 1846 1294 1892 summa
1309 1827 1421 1894 virtute
1437 1829 1528 1912 atque

275 1941 308 2006 in
330 1961 395 2008 ram
419 1941 619 2007 christianam
648 1941 790 2025 pacisque
812 1941 967 2025 imprimis
999 1941 1134 2007 studium
1157 1942 1273 2026 optima
1296 1943 1453 2009 voluntate
1475 1944 1528 2009 dil.

275 2057 304 2122 fi.
328 2057 438 2121 Petrus
463 2053 666 2122 Salamancha
696 2057 751 2122 abs
774 2059 806 2122 te
828 2057 947 2122 rediens
977 2057 1065 2122 nobis
1096 2057 1285 2122 renunciavit
1306 2057 1432 2123 extitere
1454 2076 1527 2142 gra-

274 2172 412 2248 tissima;
442 2175 509 2237 tum
532 2190 601 2238 vero
631 2172 791 2251 cernimus,
814 2172 848 2236 id
871 2172 950 2256 quod
980 2172 1067 2238 nobis
1094 2191 1231 2238 summae
1254 2176 1300 2237 est
1322 2173 1531 2252 iucunditatis,

273 2287 466 2352 nobilitatem
489 2289 575 2352 tuam
604 2287 744 2352 inomni
766 2307 875 2372 genere
899 2288 1053 2353 actionum
1084 2288 1143 2353 sibi
1165 2289 1323 2371 aequalem
1354 2307 1472 2372 semper
1495 2293 1528 2354 et

273 2404 464 2469 constantem
487 2403 527 2468 61
541 2402 652 2481 omnia,
676 2421 752 2486 quae
767 2422 879 2487 magno
898 2406 929 2469 61
945 2405 1081 2486 sapiente
1096 2403 1231 2487 principe
1247 2404 1340 2487 digna
1364 2405 1443 2482 sunt,
1460 2424 1527 2470 csse

272 2520 426 2602 paratam3
464 2538 570 2584 verum
601 2519 703 2583 nullae
735 2519 903 2584 16666666
936 2518 1137 2601 impedissent
1166 2519 1328 2601 quominus
1365 2519 1468 2602 aperte
1497 2524 1529 2584 61

273 2633 389 2717 liquido
412 2653 516 2716 pacem
547 2634 691 2699 conficere
713 2634 873 2717 potuisses,
903 2635 987 2699 ouius
1011 2635 1233 2717 componendae
1263 2653 1323 2699 non
1346 2635 1529 2701 mediocrem

268 2733 453 2816 'facultatem
476 2750 585 2815 intua
609 2750 769 2815 nobilitate
792 2748 943 2814 cernimus
967 2769 1033 2814 esse
1057 2749 1229 2833 repositam.
1284 2748 1343 2814 Sed
1366 2750 1400 2814 ut
1423 2768 1478 2815 nos
1494 2749 1529 2814 id

275 2865 354 2947 quod
376 2884 538 2948 possumus
562 2867 593 2931 et
615 2865 735 2948 egimus
765 2865 894 2930 antehac
916 2865 948 2929 61
971 2884 1077 2929 sumus
1107 2865 1212 2939 661661,
1243 2866 1419 2948 servatoque
1442 2883 1528 2930 com·

276 2981 378 3046 munis
401 2981 498 3064 patris
521 2982 552 3046 et
574 2980 647 3045 boni
662 2979 792 3064 pastoris
816 2979 914 3044 officio
937 2998 1042 3062 pacem
1059 2999 1177 3062 semper
1200 2979 1369 3057 clamaturi,
1394 2979 1437 3044 sic
1452 2998 1528 3045 oan-

276 3093 345 3161 dem
361 3095 554 3161 nobilitatem
571 3096 657 3159 tuam
672 3095 758 3160 enixe
773 3094 806 3158 in
821 3094 953 3158 Domino
969 3095 1134 3171 hortamur,
1157 3096 1193 3159 ut
1207 3095 1307 3160 farere
1322 3095 1393 3160 huic
1407 3095 1530 3160 nostrae

275 3211 379 3276 tantae
402 3210 609 3288 sollicitudini,
640 3210 711 3275 huic
733 3211 837 3274 nostro
867 3209 963 3274 dolori
986 3209 1100 3274 mederi
1123 3228 1176 3293 pro
1200 3212 1254 3275 tua
1276 3212 1361 3292 parte
1384 3209 1468 3286 velis,
1492 3213 1529 3275 61

275 3326 378 3410 aliqua
392 3325 554 3410 aliquando
576 3345 643 3410 pax,
661 3325 784 3391 omissis
801 3325 912 3390 studiis
928 3327 960 3390 et
975 3325 1217 3392 contentionibus
1233 3327 1298 3390 tam
1313 3326 1530 3409 pertinacibus,

275 3442 314 3507 ad
330 3460 502 3526 supremam
518 3442 636 3508 cladem
659 3443 788 3507 miserae
803 3441 1038 3506 christianitatis
1062 3442 1116 3506 661
1130 3440 1325 3507 avertendam
1348 3443 1402 3505 aut
1418 3441 1529 3505 saltem

277 3557 316 3623 ad
339 3558 462 3642 aliquod
491 3557 626 3641 spatium
648 3556 879 3641 prorogandam,
902 3556 1034 3622 inveniri
1062 3557 1169 3622 confici
1190 3556 1387 3640 concludique
1416 3555 1530 3639 possit:

276 3674 356 3758 quod
377 3692 433 3738 nos
448 3691 522 3757 opus
546 3674 731 3738 arbitramur
753 3674 852 3737 61166
874 3674 962 3737 16616
978 3671 1090 3738 virtuto
1111 3671 1244 3737 marimo
1266 3670 1394 3754 dignum
1417 3672 1448 3734 61
1463 3671 1529 3735 Deo

276 3788 479 3872 omnipotenti
500 3807 566 3853 esse
588 3807 623 3852 aa
638 3787 701 3852 foro
722 3786 942 3871 gratissimum.
974 3788 1089 3852 Datum
1104 3787 1219 3853 Romae
1234 3788 1289 3851 etc.
1313 3785 1362 3851 dic
1384 3785 1453 3850 xvii
1469 3784 1528 3850 Ja-

275 3905 376 3970 nuarii
397 3903 515 3970 mdxrv.
561 3903 650 3968 Anno
674 3901 812 3968 secundo.

369 4137 387 4200 ¹)
406 4140 565 4190 Ferdinandns
584 4137 695 4190 archidux
720 4141 772 4188 erat
790 4137 868 4188 animo
886 4151 973 4201 prauus
995 4137 1018 4189 iu
1038 4133 1187 4198 Clementem,
1210 4135 1251 4188 sed
1269 4137 1340 4188 nimis
1362 4137 1456 4200 proprio
1475 4139 1529 4188 tho·

275 4239 380 4287 sanrsrio
398 4239 501 4296 medens,
520 4241 560 4297 qni
575 4243 627 4287 crat
639 4241 830 4296 ‚naturalmentc
842 4241 931 4287 nemioo
944 4239 981 4286 161
993 4240 1054 4287 clero
1062 4247 1080 4298 ⁴,
1099 4243 1127 4287 61
1138 4239 1254 4286 scribebat
1266 4251 1294 4286 ex
1306 4239 1403 4286 civitate
1415 4237 1530 4298 lnsprnck

273 4336 411 4385 hisdiebus
429 4337 583 4394 Hieronymus
602 4337 721 4394 liorarins,
744 4336 850 4384 nonnihil
873 4337 932 4384 mslc
950 4337 1113 4396 suspicabatur
1130 4337 1159 4384 de
1177 4335 1295 4395 Pontinos,
1314 4334 1454 4384 existimans
1472 4351 1526 4385 enm

255 4465 258 4470 ·
276 4435 373 4496 Abstine
391 4449 468 4494 regens
488 4435 610 4484 distulisse
629 4449 643 4482 n
662 4435 775 4482 societate
793 4447 901 4482 caesares
919 4437 1002 4483 contm
1020 4433 1109 4482 (161166.
