3400 5088
749 317 995 386 ...100-

242 537 352 606 gamus
374 515 418 584 ita
441 514 572 583 voluisse
594 519 626 583 et
647 515 803 584 ordinasse
817 517 920 602 ipsum
935 518 1050 595 Deum;
1073 520 1108 584 61
1129 515 1253 603 quidem
1275 517 1426 587 credimus
1441 520 1491 588 16-

241 637 362 705 tensum
384 636 424 700 iis
439 633 492 719 qui
506 633 653 698 afflictam
668 633 814 699 miseram
829 633 1087 701 christianitatem
1110 633 1243 700 assiduis
1265 636 1356 702 bellis
1372 637 1494 704 turbare

242 773 302 821 non
324 751 485 828 desistunt
508 750 598 833 etque
621 751 656 814 ut
678 749 820 815 omnibus
852 753 997 833 appareat
1018 769 1079 817 non
1101 769 1169 816 esse
1190 750 1332 836 cuiquam
1355 752 1493 819 fortunae

241 873 294 936 aut
314 867 467 952 potentiae
484 883 555 930 6666
578 865 631 930 sed
654 865 751 949 ipsius
765 865 856 931 unius
872 866 984 932 auxilio
999 866 1218 934 confidendum.
1264 867 1339 948 Nos,
1354 868 1414 935 etsi
1431 869 1493 934 alia

240 987 289 1052 116
312 985 351 1051 ad
374 981 539 1048 sedandam
562 982 593 1045 et
615 981 874 1064 tranquillandam
896 1001 960 1047 rem
983 982 1183 1049 christianam
1206 983 1414 1064 tendebamus,
1437 1005 1491 1051 neo

239 1121 275 1167 66
297 1120 389 1185 quam
412 1099 552 1164 voluntas
575 1097 676 1180 magis
699 1098 803 1162 nostra
825 1117 918 1182 quarn
940 1099 1105 1164 necessitas
1129 1100 1299 1183 temporum
1322 1102 1490 1184 prescribe-

238 1220 301 1297 bet,
323 1219 428 1282 tamen
450 1215 481 1278 et
503 1212 583 1296 qood
605 1230 624 1276 6
646 1213 710 1278 Deo
733 1212 849 1278 factum
871 1215 920 1279 est
942 1213 974 1279 id
995 1215 1028 1280 in
1051 1215 1200 1298 optimam
1229 1214 1395 1299 accipimus
1416 1236 1489 1300 661-

238 1335 316 1410 1616;
339 1333 370 1397 61
393 1329 587 1396 661661661166
610 1325 732 1394 Caesari
755 1347 790 1394 eo
813 1327 970 1395 Maiestati
994 1331 1064 1396 tuae
1087 1331 1232 1399 detento
1255 1334 1355 1398 vestro
1377 1333 1490 1399 honore

237 1452 268 1516 et
290 1449 388 1533 gloria
410 1446 600 1531 gratulamur
623 1463 698 1527 quae
721 1445 778 1509 hoo
800 1445 901 1528 magis
924 1447 971 1512 661
995 1447 1084 1512 nobis
1108 1447 1292 1530 gratulanda
1314 1447 1394 1533 quod
1417 1468 1487 1532 spe-

236 1585 340 1632 ramus
362 1563 411 1629 vol
426 1561 606 1629 confidimus
621 1561 721 1644 potius
737 1560 894 1645 utriusque
911 1564 1047 1627 vestrum
1063 1562 1268 1629 moderatione
1283 1565 1314 1629 et
1328 1564 1489 1647 prudentia

236 1681 421 1748 christianae
442 1677 624 1762 reipublicae
647 1676 822 1742 consultum
844 1676 916 1756 fore,
946 1697 1023 1760 quae
1045 1682 1081 1742 ut
1103 1679 1134 1744 et
1156 1679 1195 1744 ab
1217 1679 1374 1744 intestinis
1397 1680 1487 1745 bellis

235 1818 271 1864 ac
292 1795 534 1864 dissensionibus
557 1792 750 1875 conquiescat
772 1794 803 1857 61
826 1793 970 1858 adversus
985 1792 1199 1860 imminentem
1222 1813 1257 1860 ao
1278 1797 1486 1879 prepotentem

234 1915 400 1979 turcarum
423 1910 487 1975 rim
509 1909 672 1986 muniatur,
695 1907 829 1972 maxima
844 1927 924 1973 nunc
947 1907 975 1973 si
997 1909 1074 1974 alias
1090 1928 1224 1994 unquam
1247 1913 1336 1995 urget
1351 1910 1484 1976 necessi·

232 2032 290 2096 tas.
336 2025 423 2108 Quod
443 2027 523 2092 certe
546 2043 564 2089 a
587 2023 672 2089 vobis
695 2023 756 2102 fiet
780 2024 808 2088 si
830 2027 860 2089 et
883 2023 1032 2089 moderari
1054 2025 1264 2109 prosperitatis
1287 2026 1435 2110 impetum
1454 2028 1486 2092 et

233 2145 393 2212 victoriam
414 2161 476 2208 non
498 2143 564 2206 tam
586 2142 699 2205 1611616
717 2139 896 2222 cuiusquam
919 2157 1011 2223 quam
1034 2140 1161 2206 lenitate
1183 2141 1214 2206 61
1229 2141 1391 2208 6166166116
1413 2161 1483 2226 661-

233 2265 356 2346 6616661
379 2257 559 2325 retinebitis.
605 2253 692 2336 Quod
715 2257 746 2320 et
769 2255 796 2320 si
810 2255 907 2330 ‚nobis
930 2254 1057 2322 dubium
1087 2275 1147 2322 non
1171 2258 1219 2322 661
1240 2277 1293 2323 vos
1317 2258 1483 2336 effecturos,

231 2380 336 2444 tamen
359 2373 554 2440 serenitatem
569 2373 654 2436 tuam
669 2371 821 2436 voluimus
844 2370 1006 2438 admonere
1027 2371 1067 2436 ad
1089 2370 1187 2456 ipsius
1202 2373 1335 2438 marimo
1358 2373 1480 2457 sapien·

230 2495 308 2560 tiam
330 2491 480 2577 pertinere
503 2489 547 2554 ita
565 2487 703 2554 ordinare
726 2506 774 2552 res
797 2487 1032 2552 christianitatis
1056 2488 1090 2552 ut
1104 2487 1282 2572 intelligant
1304 2506 1409 2555 ornnes
1432 2509 1481 2556 166

231 2609 378 2677 secundas
401 2608 517 2673 vestras
540 2624 595 2670 nec
616 2602 800 2689 perniciosas
823 2603 916 2669 elicui
945 2605 976 2670 61
998 2603 1137 2670 universo
1167 2603 1285 2670 nomini
1314 2605 1480 2672 christiano

230 2726 326 2792 fruisse
348 2724 480 2790 16611616
510 2722 667 2787 661616166.
713 2721 750 2785 16
772 2739 830 2804 quo
853 2721 923 2785 1666
945 2721 1048 2804 661166
1076 2719 1234 2803 precipuas
1257 2720 1376 2787 11116166
1399 2725 1479 2789 sunt.

230 2839 356 2923 erundo
379 2841 410 2905 61
431 2839 496 2922 1666
512 2835 622 2902 Caesar
643 2838 713 2901 1666
734 2835 903 2919 6161161661
924 2835 1034 2901 tribuit
1052 2835 1226 2902 auctoritati
1240 2837 1272 2902 et
1294 2856 1350 2903 nos
1372 2837 1477 2904 eadem

228 2961 282 3024 tua
311 2957 424 3023 virtute
446 2957 477 3020 et
505 2951 666 3038 prudentia
695 2971 815 3018 summe
838 2950 1032 3026 confidimus.
1079 2949 1152 3038 (Sed
1181 2951 1237 3019 hec
1260 2952 1376 3018 616116
1404 2955 1476 3037 aget

227 3075 329 3140 166661
351 3071 464 3138 6661116
486 3068 586 3135 verbis
609 3068 691 3134 idem
707 3063 872 3150 Gregorius
891 3065 1008 3132 (insulis
1031 3085 1101 3131 cum
1116 3086 1175 3152 quo
1197 3068 1332 3133 multum
1354 3071 1386 3134 et
1407 3087 1476 3134 am-

226 3189 319 3274 pliter
341 3188 378 3254 de
393 3160 535 3253 omnibus
551 3204 656 3251 sumus
678 3183 773 3249 locuti
787 3183 836 3248 cui
852 3181 1000 3248 serenitas
1022 3184 1076 3247 tua
1090 3181 1182 3249 fidem
1198 3183 1331 3250 habehit.
1361 3184 1477 3250 Datum

226 3306 342 3371 Romae
364 3305 418 3369 etc.
442 3302 461 3368 i.
484 3300 591 3366 Martii
612 3299 730 3366 mdrxv.
775 3299 864 3365 Anno
888 3296 1073 3384 secundo).¹)

319 3535 447 3622 8)Α1666
470 3534 509 3600 ob
530 3532 586 3599 hec
608 3533 643 3597 ut
666 3531 824 3597 serenitati
844 3533 915 3596 1666
938 3531 1048 3597 6161166
1071 3532 1102 3596 61
1117 3531 1266 3615 copiosius
1288 3549 1472 3615 616666166-

225 3655 276 3718 tur
304 3650 442 3718 redeunti
471 3649 510 3714 ad
539 3647 652 3731 teipsi
681 3644 827 3731 Gregorio
857 3646 1050 3712 adiunximus
1080 3647 1223 3712 comitem
1252 3665 1317 3713 ven
1347 3647 1473 3715 fratrem

225 3768 446 3852 Hieronymum
469 3764 644 3849 episcopum
668 3763 915 3847 wigorniensem
943 3764 1066 3829 1661661
1088 3782 1189 3828 161661
1213 3763 1472 3831 studiosissimum

223 3884 276 3968 qui
297 3883 400 3950 omnia
422 3881 522 3946 verbis
544 3879 658 3946 nostris
680 3879 844 3962 explicaret
865 3878 915 3943 oui
936 3880 967 3944 et
989 3877 1106 3945 duobus
1130 3878 1200 3943 61116
1216 3878 1335 3944 6666116
1359 3879 1473 3946 nostris

219 3999 335 4066 ibidem
356 3997 555 4064 existentibus
571 3998 606 4061 ut
629 3994 775 4061 serenitas
797 3997 850 4060 tua
873 3993 965 4060 fidem
980 4013 1102 4060 ornnem
1124 3994 1236 4060 habeat
1256 3993 1345 4060 illam
1364 3995 1396 4060 in
1411 3993 1467 4061 do-

314 4284 332 4344 ¹}
350 4286 414 4344 Quae
432 4285 504 4344 66616,
522 4285 664 4335 inclusimus.
682 4283 767 4332 deinde
784 4283 862 4332 deleta
880 4284 944 4330 6661.

311 4384 331 4444 ¹)
350 4383 413 4432 11666
431 4385 501 4431 rerba
518 4383 600 4430 addita
621 4386 678 4430 sunt
699 4383 725 4429 in
746 4381 816 4428 6161111
839 4381 909 4440 epist.
933 4393 975 4439 pro
993 4379 1101 4440 episeopo
1126 4379 1289 4436 wigorniensi.
1324 4379 1354 4427 Et
1376 4381 1400 4428 in
1425 4381 1471 4430 1166

219 4484 357 4531 adnotator:
393 4481 536 4542 ,Episcopus
554 4483 636 4542 666166
653 4493 700 4527 666
717 4480 787 4530 irit‘
