3400 5088
814 307 1059 373 -124-
1198 374 1200 378 .

308 503 450 569 Facimus
474 503 556 569 enim
572 501 732 587 permagni
754 503 786 568 et
807 502 953 568 iudicium
977 504 1008 567 et
1022 500 1259 569 benivolentiam
1282 502 1415 568 tuamet
1436 519 1490 585 pro
1505 501 1559 566 illo

307 621 433 704 paterno
456 639 558 685 amore
580 637 638 703 quo
662 619 778 684 nob.tam
802 619 888 683 tuam
918 617 1109 701 peculiariter
1131 617 1281 702 prosecuti
1312 637 1430 700 semper
1453 637 1559 682 sumus

308 735 411 801 omnia
434 737 487 800 tna
509 735 601 800 chara
624 736 655 799 et
677 732 807 800 iucundo
836 734 1000 811 habemus
1024 733 1122 800 animi
1143 732 1265 818 quidem
1295 734 1391 800 nostri
1421 731 1559 817 perpetui

307 871 380 935 erga
402 850 585 936 dignitatem
608 852 640 916 et
661 849 896 934 amplitudinem
911 849 1048 916 Caesaris
1070 849 1220 915 Dominus
1242 850 1332 916 testis
1354 851 1410 928 est,
1432 849 1481 914 cui
1503 850 1560 914 hoc

307 968 369 1032 iam
393 966 535 1051 adempto
559 968 590 1033 et
613 966 733 1032 sublato
756 966 958 1032 contentionis
981 966 1096 1045 fomite,
1125 984 1186 1031 non
1207 966 1339 1050 pristina
1363 967 1461 1032 solum
1484 983 1558 1031 con·

307 1082 460 1148 iunctione
489 1082 657 1160 amicitiae,
688 1080 741 1147 sed
770 1083 914 1166 perpetuo
943 1083 975 1149 et
1003 1081 1175 1148 inviolabili
1197 1081 1296 1148 fodere
1326 1081 1463 1166 colligati
1492 1101 1559 1148 esse

308 1199 469 1278 voluimus,
491 1199 524 1264 in
547 1217 605 1282 quo
628 1199 699 1263 tuae
721 1217 837 1282 quoque
860 1199 962 1282 partes
977 1199 1141 1283 primariae
1156 1198 1336 1274 extiterunt3
1359 1198 1424 1263 eius
1447 1195 1559 1263 sedens

308 1314 480 1398 exemplum
503 1313 543 1379 ad
564 1313 617 1380 dil.
640 1314 669 1379 fi.
694 1313 828 1380 nobilem
858 1314 959 1380 vuum
987 1314 1157 1398 viceregem
1178 1313 1417 1398 Neapolitanum
1439 1314 1557 1397 capita-

307 1449 398 1496 neom
421 1430 594 1514 generalem
617 1427 755 1495 Caesaris
779 1430 863 1496 mitti
885 1429 1107 1510 mandavimus,
1131 1431 1165 1496 ut
1187 1449 1360 1514 quanquam
1383 1429 1434 1494 bic
1457 1428 1557 1512 stipu-

305 1546 404 1611 latum
427 1548 459 1611 et
474 1545 626 1612 sancitum
649 1546 739 1623 esset,
762 1545 827 1612 eius
843 1547 947 1612 tamen
963 1545 1121 1612 accedente
1136 1565 1283 1613 consensu
1305 1545 1558 1630 comprobaretur,

305 1681 324 1727 a
347 1681 405 1746 quo
428 1661 467 1727 ad
489 1663 520 1727 te
543 1661 815 1728 transmittendum
846 1681 906 1728 non
929 1661 1105 1728 dubitamus
1128 1663 1159 1728 et
1181 1681 1236 1728 nos
1259 1663 1353 1728 etiam
1386 1661 1559 1727 transmitti

305 1776 530 1857 mandabimus,
553 1777 647 1844 etiam
677 1777 847 1862 cogitantes
877 1779 999 1844 mittere
1022 1778 1062 1844 ad
1084 1777 1149 1845 dies
1172 1778 1288 1862 aliquot
1309 1777 1466 1844 bominem
1489 1795 1562 1843 oms

305 1894 391 1960 nium
421 1894 601 1958 intimorum
630 1892 825 1959 consiliorum
854 1895 1029 1960 nostrorum
1058 1895 1147 1979 plane
1176 1894 1375 1974 instructum,
1406 1893 1458 1978 qui
1487 1913 1557 1958 oum

305 2009 398 2074 nob.tu
426 2011 480 2074 tua
502 2008 637 2074 conferat
666 2009 697 2074 et
726 2010 930 2076 communicet
958 2010 1069 2076 omnia
1114 2010 1198 2075 Illud
1219 2010 1360 2076 volumus
1383 2009 1558 2075 existimare

304 2124 422 2190 noble¹¹¹
444 2126 540 2204 tuam,
562 2126 726 2209 postquam
747 2125 870 2192 licitum
892 2126 924 2191 id
946 2126 1034 2192 nobis
1057 2125 1117 2192 fuit
1138 2128 1170 2191 et
1191 2126 1339 2209 pastorali
1361 2125 1459 2191 officio
1483 2143 1556 2191 con·

305 2239 429 2305 veniens
453 2239 573 2322 quando
602 2240 658 2306 hoc
680 2239 780 2308 sedere
810 2261 872 2308 non
892 2241 1041 2326 impedita
1063 2243 1111 2308 est
1133 2242 1204 2308 boni
1234 2241 1398 2326 pontificiis
1420 2261 1557 2324 persona,

302 2355 382 2420 nihil
397 2373 452 2420 nos
468 2355 615 2421 libentius
630 2356 727 2422 iacere
742 2358 878 2441 potuisse
893 2378 986 2442 quam
1001 2357 1123 2424 Caesari
1144 2360 1177 2425 et
1190 2359 1249 2424 tibi
1271 2357 1370 2424 fedore
1386 2357 1556 2424 commumis

303 2469 456 2536 amicitiae
486 2473 518 2537 et
549 2471 619 2538 iidei
649 2474 804 2556 copulatos
827 2493 902 2554 esse,
933 2494 1025 2559 quam
1055 2474 1296 2540 coniunctionem
1325 2475 1502 2558 perpetuam
1525 2474 1557 2538 et

303 2587 403 2652 ratam
426 2587 511 2652 omni
525 2589 775 2656 constantissimo
790 2609 892 2656 amore
916 2607 1022 2658 sumus
1038 2590 1194 2656 servaturi
1233 2591 1280 2655 De
1302 2609 1360 2674 quo
1375 2589 1469 2654 latius
1485 2607 1555 2654 cum

301 2701 396 2767 nouo
417 2703 471 2768 tua
493 2701 621 2769 dilectus
645 2705 728 2771 lilius
751 2705 954 2792 Hieronymus
977 2707 1122 2773 Rorarius
1145 2705 1273 2772 nuncius
1295 2707 1406 2785 noster,
1429 2704 1478 2771 coi
1500 2704 1555 2770 illa

301 2817 393 2884 fidem
416 2818 550 2886 babebit.
595 2820 711 2887 Datum
733 2820 849 2888 Romae
871 2821 920 2888 die
944 2822 994 2888 rii.
1009 2821 1126 2906 Aprilis
1144 2821 1263 2888 mdxrv.
1302 2819 1390 2888 Anno
1414 2821 1552 2888 secundo.

902 3083 953 3149 92.

787 3247 1061 3308 Mutinensibus·

389 3401 503 3468 Dilecti
532 3401 598 3468 filii.
644 3402 718 3488 ugit
747 3401 906 3470 nobiscum
935 3401 987 3468 dil
1017 3403 1046 3469 fi.
1070 3402 1118 3469 Jo.
1148 3401 1310 3486 Philippus
1340 3399 1549 3466 Cavallarinus

253 3547 256 3554 ·
299 3514 375 3582 ciris
398 3519 429 3582 et
451 3519 552 3584 orator
566 3519 666 3584 restet
688 3537 765 3604 quae
787 3518 907 3585 avobis
929 3517 1075 3584 mandata
1098 3517 1136 3584 ad
1151 3535 1206 3585 nos
1221 3517 1363 3597 babebat,
1385 3535 1476 3601 quem
1494 3534 1549 3582 nos

298 3633 454 3699 bominem
476 3635 507 3700 et
529 3633 608 3719 quod
630 3653 700 3700 eum
723 3633 895 3702 modestum
925 3633 1162 3719 prudentemque
1184 3633 1395 3718 cognoscimus
1418 3633 1449 3698 et
1470 3631 1550 3717 quod

297 3747 330 3813 in
345 3747 442 3832 ipsius
457 3767 585 3833 persona
607 3749 763 3816 civitatem
778 3751 872 3816 istam
894 3751 1033 3816 nostram
1050 3750 1138 3817 nobis
1153 3749 1367 3816 charissimam
1390 3747 1548 3814 nobiscum

297 3863 471 3948 loquentem
500 3864 601 3932 videre
630 3864 822 3945 videbamur,
852 3865 1025 3932 audivimus
1053 3867 1237 3950 perlibenter
1266 3866 1353 3948 eique
1382 3863 1547 3948 inquibus

297 3981 451 4063 potuimus
474 3999 591 4047 morem
613 4000 717 4066 gerere
740 4000 845 4047 snmus
869 3982 985 4058 conati;
1016 3981 1091 4048 satis
1121 3982 1328 4066 intelligentes
1357 3981 1492 4046 rostram
1515 3980 1547 4046 in

297 4114 352 4160 nos
381 4097 413 4162 et
442 4093 586 4162 Sanctam
618 4095 727 4163 ὃοᾱοω
756 4096 955 4181 apostolicam
984 4097 1076 4164 fidem
1105 4117 1140 4164 ac
1169 4097 1372 4164 constantiam
1404 4095 1546 4162 meritam

297 4209 400 4276 omnia
422 4230 498 4294 quae
512 4230 574 4278 non
589 4213 688 4278 solum
703 4232 722 4279 a
736 4213 838 4288 debito
862 4211 915 4278 sed
930 4231 948 4276 a
963 4213 1147 4280 liberalitato
1169 4231 1286 4299 quoque
1300 4213 1405 4278 nostra
1420 4213 1547 4295 possunt

296 4325 462 4410 proficisci:
485 4327 538 4393 sed
553 4347 589 4395 ea
610 4331 658 4395 est
673 4327 810 4394 omnium
833 4347 934 4394 rarum
956 4327 1122 4396 difficultas
1136 4331 1168 4396 et
1190 4331 1362 4412 temporum
1375 4328 1545 4394 incommo-

294 4441 375 4508 ditas
397 4444 432 4510 ut
455 4443 565 4512 sinon
593 4445 717 4512 omnino
747 4443 946 4529 expectationi
975 4445 1093 4511 restrae
1116 4443 1330 4524 satisfecimus,
1360 4443 1402 4510 sit
1423 4445 1541 4510 restrae
