3346 5084
684 455 728 472 -
772 419 927 509 475,-

178 619 269 704 atque
292 618 495 686 obedientiam
518 617 678 684 humiliter
692 615 846 696 remeavit,
868 613 1063 700 iniquitatem
1078 631 1210 698 namque
1233 630 1320 678 suam
1342 609 1428 678 illiue

178 734 235 800 lilii
250 736 477 802 reconoscentes
500 734 612 802 delicta
625 734 749 818 patrum
764 732 913 817 corrigere
928 731 1139 815 probaverunt
1161 731 1193 797 et
1207 731 1259 816 qui
1275 729 1428 814 preteritis

177 851 366 935 temporibus
388 870 442 935 per
465 849 650 916 tirannidem
672 849 789 934 regiam
812 847 948 933 presules
974 847 1098 932 regibus
1119 847 1273 930 placentes
1303 864 1426 930 accepe-

178 969 248 1033 rant
271 967 394 1034 demum
418 966 583 1034 secundum
607 965 778 1032 sanctiones
801 963 959 1031 canonicas
975 963 1039 1030 Deo
1061 964 1230 1047 placentem
1254 962 1429 1045 episcopum

177 1084 343 1168 clegerunt
367 1084 511 1150 scismate
533 1082 673 1148 abdicato
695 1082 729 1147 in
751 1081 916 1148 catholicae
938 1079 1180 1164 congregationis
1203 1078 1355 1165 grermm
1373 1098 1427 1144 re-

177 1199 326 1286 pedarunt
349 1198 428 1266 unde
450 1198 592 1266 dominus
614 1196 806 1282 predecessor
820 1197 924 1262 noster
940 1197 1063 1263 sanabo
1084 1196 1248 1263 memoriae
1271 1213 1349 1279 papa
1365 1193 1427 1260 Ge·

176 1316 273 1382 lasiae
295 1315 394 1382 eidem
415 1313 642 1382 Ravennatsnei
662 1313 806 1380 ecclesiae
827 1330 950 1379 omnem
971 1313 1108 1379 restitnit
1129 1313 1315 1398 dignitatem
1334 1331 1426 1398 quam

177 1431 318 1499 videlicet
339 1433 410 1499 ante
432 1430 592 1498 divisionis
607 1431 745 1514 tempora
768 1427 855 1497 Sedis
878 1430 1062 1514 apostolicae
1076 1429 1239 1516 largitione
1253 1427 1429 1514 possederat

177 1567 283 1615 omnes
305 1547 399 1614 etium
422 1547 603 1631 metropoles
626 1545 711 1612 illius
734 1546 924 1630 episcopatus
947 1565 1023 1631 quas
1046 1547 1085 1613 ad
1107 1546 1172 1614 eiua
1187 1545 1356 1630 nequitiam
1374 1564 1426 1611 er·

176 1662 366 1748 primendam
395 1663 562 1748 apostolica
591 1662 651 1729 eibi
673 1660 766 1728 Sedes
794 1663 1003 1747 assumpserat
1031 1664 1158 1748 paterna
1179 1662 1208 1730 ei
1236 1662 1427 1746 benignitate

176 1780 334 1860 concessit
356 1780 388 1846 et
402 1797 457 1845 noa
480 1797 552 1862 ergo
567 1777 688 1845 divinae
711 1777 874 1844 Trinitatis
889 1779 1002 1845 unitati
1024 1779 1141 1864 gratias
1156 1779 1328 1859 relerentes,
1351 1798 1427 1863 quae

175 1916 229 1981 per
251 1913 323 1963 suec
345 1895 505 1961 charitatis
528 1895 670 1979 spiritum
693 1893 792 1961 divisa
821 1895 980 1981 coniungit
1001 1896 1169 1962 simultas
1192 1895 1225 1962 in
1248 1913 1281 1962 se
1307 1895 1427 1962 animas

177 2031 236 2079 una
258 2012 340 2092 facit,
362 2010 491 2096 predicti
512 2010 540 2077 d
564 2031 593 2076 n.
616 2010 840 2077 restitutionem
870 2011 1020 2095 presentis
1043 2011 1198 2096 privilegii
1218 2012 1332 2097 pagina
1353 2031 1426 2078 con·

176 2128 343 2207 firmamus,
374 2145 446 2192 eane
474 2126 533 2193 tibi
555 2126 735 2192 charissime
764 2125 858 2193 irater
885 2125 1024 2194 Gualteri
1053 2127 1276 2212 archiepiscope
1306 2127 1428 2212 tuisque

42 2319 57 2338 „
177 2242 400 2309 successoribus
422 2243 456 2308 in
477 2244 633 2310 Romanae
662 2242 806 2309 ecclesiae
836 2242 1022 2310 subiectione
1044 2245 1135 2328 atquc
1162 2243 1333 2310 obedientia
1355 2262 1426 2327 per-

176 2359 371 2425 manentibus
403 2358 488 2426 salvo
517 2357 670 2424 niminum
698 2358 732 2424 in
754 2359 896 2427 omnibus
919 2359 1103 2443 apostolicae
1134 2357 1221 2426 Sedis
1244 2359 1308 2425 iure
1337 2361 1428 2444 atque

177 2474 366 2554 auctoritate,
389 2473 597 2541 concedimus:
620 2474 812 2558 episcopatus
827 2474 945 2541 Emilaa
960 2475 1129 2559 provintiae
1146 2474 1228 2542 idest
1244 2475 1427 2553 Placentiae,

176 2591 313 2669 Parmae,
329 2589 428 2675 Regii,
450 2589 588 2656 Mutinae
603 2591 635 2656 et
649 2589 813 2670 Bononiae,
828 2590 992 2670 Fenariae,
1007 2589 1127 2670 adriae,
1146 2589 1289 2670 Comaeli
1304 2591 1427 2670 imolae,

2 2775 20 2786 „
71 2780 87 2790 ..
176 2705 347 2786 Fauentiae,
378 2705 512 2784 Forlivii,
541 2704 768 2790 Foropompilii,
790 2705 889 2785 Bobii‚
922 2704 1060 2786 Gesonae,
1090 2706 1259 2773 licocleac:
1286 2706 1428 2773 Preterea

174 2821 389 2887 confirmamus
419 2822 505 2887 robis
534 2823 708 2888 exarcatum
730 2822 892 2888 &vennae
923 2821 976 2906 qui
998 2823 1154 2890 Romanae
1183 2822 1328 2889 ecclesiae
1350 2822 1426 2888 iuris

173 2937 222 3002 est
243 2937 275 3002 et
297 2937 482 3003 monasteria
505 2938 603 3003 sanati
625 2937 793 3018 adalberti,
821 2940 852 3005 et
876 2938 975 3005 sancti
996 2938 1098 3006 Hilari
1120 2958 1173 3006 sen
1196 2940 1295 3006 cetera
1316 2957 1425 3005 mona·

175 3051 268 3118 steria
291 3053 321 3118 et
343 3053 532 3136 possesiones
554 3052 594 3118 ad
617 3054 750 3120 vestram
779 3054 939 3122 ecclesiam
961 3055 1148 3139 pertinentes
1175 3073 1229 3139 per
1250 3055 1426 3121 authentica

174 3168 335 3254 privilegia
357 3170 395 3235 ab
411 3169 653 3235 antecessoribus
675 3171 789 3237 nostris
812 3173 844 3237 et
858 3170 1016 3237 catholicis
1039 3170 1163 3256 regibus
1186 3169 1308 3250 tradita,
1331 3170 1425 3236 Pom-

172 3283 292 3366 posiani
314 3302 430 3368 quoque
452 3284 630 3351 monasterii
648 3304 752 3351 curam
774 3285 917 3370 religioni
938 3287 1008 3352 tuae
1031 3282 1115 3352 salvo
1138 3287 1282 3354 ecclcsiae
1304 3288 1425 3353 nostrae

173 3399 238 3466 iura
260 3399 483 3466 committimus
512 3401 548 3466 ut
569 3401 704 3485 regulari
726 3400 905 3485 disciplinas
927 3420 979 3485 per
1009 3402 1096 3467 tuam
1122 3400 1305 3468 industriam
1329 3402 1424 3484 refor-

173 3515 281 3580 metur.
327 3513 415 3580 Nulli
443 3534 515 3601 ergo
545 3516 669 3583 omnino
691 3516 852 3584 hominum
881 3517 1012 3583 facultas
1042 3517 1085 3583 sit
1106 3519 1240 3584 vestram
1262 3519 1425 3584 Ravenna·

173 3631 291 3696 tensam
313 3631 472 3696 ecclesiam
500 3632 602 3698 tenere
631 3633 807 3716 perturbare
837 3632 891 3698 aut
912 3633 979 3701 eius
1001 3632 1208 3717 possessiones
1237 3633 1354 3699 auferre
1377 3635 1426 3700 vel

172 3745 293 3812 ablatas
307 3745 436 3813 retinere
459 3747 596 3814 minuere
611 3748 660 3814 vel
682 3748 853 3815 temerariis
868 3748 1077 3815 venationibus
1100 3749 1231 3834 fatigare
1254 3748 1306 3815 sed
1322 3749 1425 3814 omnia

171 3861 292 3946 integra
314 3863 529 3929 conservantur
559 3863 624 3929 tam
654 3863 717 3929 tuis
747 3883 839 3948 quam
868 3863 1045 3931 clericorum
1068 3867 1099 3931 et
1128 3883 1294 3949 pauperum
1317 3865 1425 3931 usibus

171 3977 342 4060 profuture3
374 3975 401 4042 ai
423 3995 483 4061 qua
505 3977 601 4062 igitur
630 3979 662 4045 in
685 3979 823 4044 futurum
852 3979 1056 4048 ecelesiastica
1086 3981 1268 4047 secularisve
1295 3999 1424 4064 persona

171 4092 251 4159 hano
271 4093 393 4159 nostrae
414 4093 642 4159 constitutionis
668 4093 814 4178 paginam
844 4094 942 4161 solens
965 4097 1070 4162 contm
1092 4115 1160 4161 eam
1183 4097 1298 4162 murore
1319 4096 1422 4161 tenta-

171 4206 250 4273 verit
273 4207 403 4274 secundo
426 4209 554 4276 tertiove
576 4211 728 4277 comonita
752 4228 784 4276 se
806 4227 867 4276 non
890 4209 1099 4278 satisfactione
1121 4230 1255 4297 congrua
1277 4209 1421 4276 emenda-

171 4323 249 4390 verit
264 4324 424 4407 potestatis
440 4325 622 4410 honorisque
638 4325 686 4392 sui
701 4325 853 4410 dignitate
868 4327 969 4392 eareat
983 4345 1125 4411 reamque
1145 4347 1177 4393 se
1192 4326 1295 4393 divino
1311 4324 1422 4392 iudicio

170 4437 298 4505 existere
320 4438 357 4504 ds
385 4441 558 4525 perpetrata
586 4442 749 4527 iniquitate
778 4443 941 4526 cognoscat
969 4443 1000 4508 ct
1022 4460 1041 4507 a
1063 4441 1270 4511 sacratissimo
1300 4462 1422 4528 corpore

170 4555 201 4620 et
224 4555 371 4639 sanguine
386 4555 453 4636 Dei,
476 4559 507 4623 et
521 4557 647 4624 Domini
661 4555 873 4641 Redemptoris
895 4557 993 4624 nostri
1007 4558 1099 4625 Jesus
1115 4558 1230 4626 Obristi
1252 4558 1350 4625 aliena
1367 4560 1422 4627 ilat
