3364 5102
691 401 929 467 -327-

186 595 319 661 amioum
342 613 430 660 auum
454 595 590 662 eiusdem
605 597 726 663 breuem
750 595 810 660 huc
832 595 963 661 missum
978 594 1110 680 negotiis
1132 593 1209 660 meis
1233 592 1435 678 impedimen·

186 715 253 778 turn
275 711 418 779 attulisse
440 713 470 777 et
493 729 527 778 eo
543 712 646 778 animo
669 711 777 796 scripsi
801 712 835 780 ut
849 711 953 777 omnia
976 709 1133 776 sanctitati
1148 711 1218 776 tuae
1240 709 1396 794 significan
1413 710 1435 775 t.

186 829 278 893 Porro
301 827 375 912 quid
397 830 445 894 est
467 827 616 913 quomodo
638 828 757 894 locutus
781 827 840 893 sim
863 827 973 893 nuncio
996 825 1195 893 beatitudinis
1218 827 1289 892 tuae
1311 825 1364 909 qui
1386 825 1437 892 bic

187 944 307 1024 residet,
332 944 373 1010 sit
388 945 453 1030 ipse
468 944 566 1010 testis.
603 941 704 1024 Quum
727 963 784 1028 ego
806 943 902 1028 igitur
917 943 1020 1011 omnia
1043 943 1157 1028 egerim
1174 941 1318 1022 modeste
1341 941 1437 1007 amice

185 1061 216 1125 et
240 1061 363 1137 secreto,
392 1060 584 1144 iniquissime
615 1061 731 1126 faciunt
754 1061 806 1144 qui
835 1077 885 1125 nnc
907 1060 951 1125 ita
974 1059 1119 1125 accusant
1148 1058 1236 1142 quasi
1259 1058 1358 1124 multa
1380 1057 1435 1123 ad·

185 1195 290 1242 versus
313 1177 508 1242 sanctitatem
533 1179 617 1241 tuam
640 1176 778 1244 adhibito
799 1194 928 1260 promae
949 1175 982 1240 in
1005 1175 1054 1240 via
1076 1174 1199 1258 publica
1221 1173 1436 1258 divulgassem.

185 1293 294 1358 Fateor
310 1292 487 1358 beatissime
501 1291 594 1358 Pater
608 1293 708 1357 multa
722 1292 772 1358 his
788 1291 893 1376 paucis
908 1291 1066 1358 mensibus
1081 1289 1236 1374 preteritis
1251 1310 1301 1357 mc
1316 1288 1438 1357 audisse

185 1409 254 1475 acta
283 1410 387 1474 contra
410 1405 578 1486 Gaesarem,
608 1427 683 1492 quac
709 1408 795 1474 valde
817 1427 866 1473 me
888 1407 1068 1486 cmciarunt,
1091 1406 1163 1490 quia
1191 1405 1297 1472 audem
1327 1405 1359 1471 in
1382 1405 1435 1472 de-

185 1525 276 1590 decus
298 1526 330 1590 at
352 1524 500 1590 damnum
520 1523 667 1607 principis
683 1525 714 1589 et
736 1523 854 1607 patriae
876 1540 961 1588 meae
976 1540 1084 1588 casura
1099 1523 1195 1601 amnt,
1219 1523 1250 1586 et
1273 1521 1300 1586 si
1321 1521 1437 1587 talibus

185 1641 276 1706 rebus
305 1640 498 1724 aliquatenus
527 1642 697 1706 commotus
720 1639 765 1704 lui
787 1637 846 1705 orit
874 1637 1077 1705 humanitatis
1107 1638 1138 1703 et
1161 1636 1338 1720 prudentiae
1367 1637 1437 1702 tuae

185 1756 264 1821 mihi
286 1756 449 1840 ignoscere.
496 1753 572 1820 Sum
594 1755 676 1820 enim
701 1754 842 1821 subditus
866 1773 927 1821 non
949 1753 1039 1820 modo
1069 1753 1184 1836 optimo
1214 1751 1352 1837 principi,
1383 1751 1436 1818 sed

185 1872 216 1936 et
238 1871 267 1936 ei
289 1871 341 1956 qui
364 1890 413 1936 me
435 1891 469 1936 er
493 1871 590 1936 nihilo
613 1871 721 1946 orerit3
751 1870 827 1936 item
849 1869 982 1952 patriam
1011 1868 1108 1935 habeo
1131 1887 1207 1952 quae
1230 1867 1363 1934 naturali
1384 1867 1435 1934 in·

184 1988 299 2053 stinctu
321 1986 413 2052 chara
436 1987 483 2052 est
512 1986 667 2062 omnibus;
702 1985 780 2052 mihi
802 1986 907 2052 tamen
937 1986 975 2051 ob
998 1985 1031 2050 id
1060 1984 1178 2051 charior
1201 1986 1249 2050 est
1277 1983 1358 2068 quod
1381 2002 1437 2068 ego

183 2102 231 2168 illi
255 2102 315 2168 sim
330 2101 539 2169 charissimus.
571 2103 758 2168 Removeant
780 2101 876 2186 igitur
899 2100 955 2168 boc
970 2100 1163 2167 obstaculum
1186 2099 1312 2184 nequid
1328 2100 1437 2184 agatur

183 2221 288 2286 contra
317 2219 486 2303 principem
515 2219 547 2284 et
569 2217 701 2302 patriam
725 2236 826 2284 meam
848 2219 880 2283 at
908 2217 1065 2284 beatitudo
1087 2218 1142 2283 tna
1170 2235 1220 2282 me
1249 2214 1376 2282 habebit
1398 2213 1437 2279 ad

183 2336 292 2402 nutum
326 2353 415 2400 suurn
444 2333 677 2418 paratissimum
700 2335 731 2398 et
753 2351 841 2418 opere
864 2334 896 2399 et
919 2333 1009 2399 verbo
1031 2332 1210 2411 adiutorem,
1238 2331 1272 2399 in
1295 2331 1437 2398 omnibus

182 2449 352 2516 actionibus
383 2449 456 2527 suis,
486 2467 563 2533 quae
586 2450 634 2515 vel
661 2448 700 2513 ad
723 2467 915 2515 communem
944 2447 1201 2533 tranquillitatem
1230 2447 1365 2528 tendent
1388 2448 1437 2514 rel

181 2566 309 2650 quodvis
333 2565 417 2631 aliud
440 2564 556 2632 Christi
586 2565 743 2649 negotium
766 2564 799 2628 iu
821 2564 948 2630 ecclesia
971 2565 1047 2630 beno
1070 2562 1357 2631 administrandum
1395 2563 1436 2628 Et

180 2683 216 2747 ut
239 2681 387 2749 sanctitas
410 2683 464 2746 tua
487 2680 609 2766 aliquod
632 2679 728 2746 animi
750 2680 813 2746 mei
834 2679 981 2746 iudicium
1004 2680 1117 2746 habeat
1139 2678 1247 2763 scripsi
1270 2678 1309 2744 ad
1331 2696 1435 2763 regom

181 2817 284 2864 meum
306 2779 376 2880 post
398 2798 556 2881 acceptum
578 2797 724 2864 nuncium
740 2795 777 2862 de
799 2815 913 2880 magna
935 2797 967 2862 et
989 2794 1182 2862 memorabili
1197 2794 1324 2860 victoria
1343 2813 1435 2878 quam

179 2913 263 2979 Deus
285 2912 374 2978 nobis
402 2913 629 2979 instantissime
658 2913 813 2996 inceptum
842 2912 958 2978 ballum
988 2909 1240 2995 prosequentibus
1263 2909 1356 2990 dedit
1385 2929 1435 2976 me

178 3047 240 3096 non
263 3016 404 3095 dubitare
426 3028 502 3113 quin
526 3028 674 3094 sanctitas
698 3031 751 3093 tua
773 3027 858 3094 illius
882 3027 966 3094 sanis
989 3025 1127 3093 consiliis
1151 3045 1216 3093 seso
1239 3026 1281 3092 sit
1295 3044 1433 3093 accomo-

179 3145 290 3210 datura
305 3143 343 3210 ad
367 3163 432 3210 rem
448 3144 649 3210 christianam
665 3143 741 3210 benc
755 3143 928 3227 gerendam.
959 3144 1102 3209 Preteraa
1124 3141 1151 3207 si
1166 3141 1290 3208 audiam
1305 3142 1434 3210 victores
1547 3161 1551 3168 ¹

178 3259 295 3344 aliquid
317 3259 500 3327 insolentius
524 3259 627 3325 conari
642 3260 747 3326 contra
761 3260 848 3324 tuam
871 3259 1066 3326 sanctitatem
1090 3257 1271 3324 dissuadebo
1285 3263 1435 3343 quantum

178 3377 291 3460 potero,
324 3375 458 3460 totisque
487 3375 586 3441 enitar
615 3375 732 3441 simbus
762 3376 798 3440 ut
826 3375 904 3441 ratio
934 3373 1096 3459 dignitatis
1125 3375 1197 3440 tuae
1227 3381 1375 3440 habeatur
1404 3375 1435 3440 et

178 3489 281 3556 omnia
302 3492 356 3557 tua
379 3491 443 3559 sint
465 3492 559 3557 salva.
590 3489 764 3556 Plurimum
788 3508 861 3557 sane
884 3489 1029 3556 debemus
1044 3492 1110 3556 Deo
1133 3501 1219 3556 culus
1242 3490 1434 3574 prouidentra

178 3605 297 3670 factum
321 3607 370 3671 est
392 3608 427 3672 ut
450 3605 540 3672 multi
556 3605 653 3672 odiosi
677 3605 811 3689 scrupuli
833 3604 963 3672 emedio
987 3605 1051 3671 sint
1066 3603 1189 3684 sublati,
1213 3606 1244 3670 at
1258 3604 1347 3672 firma
1363 3625 1432 3690 spes

178 3718 265 3784 data:
288 3721 391 3787 omnia
413 3720 498 3787 brevi
519 3719 559 3786 ad
581 3719 773 3787 concordiam
795 3719 914 3786 traduci
936 3739 1026 3804 posse
1048 3721 1079 3786 et
1101 3739 1150 3788 res
1166 3719 1351 3788 obustianas
1374 3738 1429 3806 op·

177 3834 253 3900 time
276 3836 431 3919 componi;
454 3854 531 3920 quae
550 3835 681 3902 felicitas
698 3835 857 3902 sanctitati
879 3836 949 3904 tuae
964 3853 1025 3902 non
1047 3835 1107 3901 orit
1130 3833 1179 3921 (ut
1194 3835 1313 3921 opinor)
1331 3835 1431 3902 minor

178 3967 272 4032 quam
295 3948 333 4014 ad
355 3949 437 4016 tanti
451 3949 565 4034 gradem
588 3951 714 4037 fastigio
730 3951 900 4034 assumptio
923 3949 982 4016 tibi
1004 3951 1115 4018 extitit.
1146 3949 1230 4030 Quae
1252 3949 1430 4018 felicissirne

178 4064 288 4130 valeat.
335 4065 379 4130 lix
402 4063 540 4130 Venetiis
563 4067 652 4134 rrvii.
676 4066 833 4133 Februarii
855 4065 974 4132 mdrxr.

269 4180 303 4246 ll.
328 4197 351 4245 s.
374 4198 401 4245 r.
425 4179 607 4249 humilimus
630 4183 768 4250 sommus
