3366 5084
747 335 971 398 ..44-

231 523 415 606 apostelicae
443 524 611 608 angustiis,
642 525 701 590 etsi
729 526 793 590 iam
824 526 1084 594 destinaveramus
1113 528 1224 607 anime,
1254 548 1312 613 quo
1334 531 1390 596 illa
1412 550 1484 597 con-

231 639 375 704 uertenda
398 643 508 718 essent,
531 659 586 705 uec
601 643 705 706 tamen
728 642 767 707 ad
789 643 941 725 privatam
963 643 1060 708 ullam
1082 643 1249 709 utilitatem
1265 648 1410 725 nostrum,
1434 647 1486 712 serl

231 755 271 819 ad
300 774 493 821 communem
524 755 709 822 christianae
738 758 811 840 reip.
842 757 989 823 salutem:
1019 761 1122 824 tamen
1152 759 1240 824 lectis
1269 761 1383 826 litteris
1414 763 1485 841 tuis,

231 871 340 954 quibus
363 871 428 936 iure
443 871 663 955 quodammodo
687 891 721 937 ea
737 872 776 938 ad
798 875 829 938 te
852 873 1000 955 pertinere
1024 873 1169 954 affirmas,
1192 877 1250 940 hcc
1271 895 1327 942 nec
1349 877 1407 943 tibi
1429 898 1485 944 nec

229 984 370 1069 cuiquam
393 1005 504 1070 negare
519 987 582 1052 ulle
605 987 694 1052 medo
710 1007 882 1071 pessumus,
905 989 979 1072 quin
994 988 1073 1072 qued
1097 1009 1187 1055 suum
1202 993 1257 1070 est,
1281 991 1388 1076 cuique
1410 992 1483 1058 red·

222 1099 326 1165 'datur
372 1099 455 1166 Tuae
470 1121 539 1167 vero
562 1101 715 1168 devotioni
737 1103 831 1168 etiam
849 1103 1054 1169 libentissime
1069 1104 1243 1184 deferimus,
1267 1107 1302 1170 ut
1325 1107 1383 1172 tibi
1398 1110 1484 1190 grate

229 1215 389 1295 tibuatur,
411 1217 491 1300 qued
512 1217 577 1282 iure
600 1219 648 1282 est
663 1219 759 1296 tuum,
783 1237 853 1283 cum
876 1219 970 1283 etiem
994 1218 1021 1284 si
1037 1238 1072 1284 ea
1095 1221 1173 1285 bona
1192 1221 1231 1285 ad
1254 1240 1308 1286 nes
1324 1223 1356 1286 et
1375 1221 1482 1289 Sedena

229 1331 426 1413 apostolicam
455 1333 519 1397 iure
550 1333 580 1398 et
609 1351 693 1398 more
722 1333 902 1417 pertineant
934 1333 1030 1398 simus
1054 1334 1249 1400 liberalitatis
1281 1339 1402 1402 nestrae
1425 1337 1483 1402 tibi

226 1445 339 1511 indicia
362 1446 471 1526 daturi,
495 1466 529 1512 ac
552 1447 676 1513 uirtutis
698 1450 769 1514 tuae
791 1467 852 1514 nen
874 1467 1000 1532 parvam
1023 1449 1173 1515 rationem
1196 1451 1338 1518 habituri.
1378 1452 1483 1537 Neque

227 1563 275 1626 est
297 1581 388 1626 causa
403 1563 599 1645 quamobrem
615 1564 793 1629 carissimus
807 1565 841 1629 in
856 1562 977 1630 Christe
992 1563 1075 1630 filius
1091 1569 1194 1631 noster
1209 1565 1319 1631 Caesar
1338 1587 1371 1632 se
1384 1567 1482 1633 inter-

226 1679 328 1760 ponat
351 1678 512 1762 queminus
528 1681 562 1744 tu
584 1678 718 1745 indebite
734 1680 864 1755 vereris3
889 1680 917 1744 si
932 1680 1015 1745 enim
1032 1681 1092 1747 tibi
1107 1681 1223 1765 aliquid
1238 1682 1324 1747 fieret
1345 1682 1482 1760 iniuriae,

226 1812 294 1858 eam
317 1811 373 1858 nes
396 1812 521 1877 gravem
544 1795 631 1860 nobis
654 1794 775 1861 illatam
790 1795 935 1861 iniuriam
958 1814 1094 1861 essemus
1118 1797 1330 1862 existimaturi.
1371 1795 1430 1863 Sed
1445 1797 1482 1862 de

225 1908 337 1974 iniuria
360 1908 439 1974 nihil
462 1910 517 1988 est
540 1910 738 1993 quamebrem
762 1912 816 1975 aut
837 1911 872 1975 tu
893 1913 1022 1988 metuas,
1046 1913 1100 1976 aut
1115 1931 1171 1977 nce
1194 1912 1373 1996 cogitemus.
1397 1913 1480 1978 Illud

225 2024 305 2108 quod
328 2023 512 2106 aequissime
535 2026 566 2090 et
588 2025 703 2108 optimc
726 2026 792 2091 iure
813 2027 1007 2092 tractandum
1030 2027 1063 2091 in
1086 2028 1125 2092 iis
1148 2028 1237 2093 benis
1262 2029 1362 2108 fuerit,
1386 2028 1423 2094 de
1447 2047 1482 2095 eo

225 2139 387 2204 scribimus
417 2138 455 2203 ad
485 2140 630 2204 nuncium
659 2143 807 2220 nostrum,
837 2141 986 2225 quemodo
1015 2161 1119 2226 gerere
1147 2162 1222 2221 rem,
1252 2145 1283 2208 et
1311 2131 1489 2229 transigere

224 2255 323 2318 tetum
346 2255 403 2320 hcc
425 2255 586 2339 negocium
609 2255 725 2334 debeat,
754 2257 788 2321 in
810 2275 869 2340 quc
893 2257 920 2322 si
942 2256 1001 2322 erit
1023 2256 1202 2323 liberalitati
1232 2260 1354 2324 nestrae
1383 2260 1476 2338 locus,

224 2369 381 2453 intelliget
410 2369 529 2436 deuotio
562 2373 615 2435 tua
644 2391 662 2436 a
693 2371 782 2436 nobis
812 2375 843 2437 et
873 2370 960 2438 Sedis
993 2373 1176 2456 apostelicae
1205 2375 1236 2438 et
1265 2374 1416 2440 ccmmcdi
1444 2393 1479 2440 ac

225 2483 348 2549 honoris
370 2485 418 2549 tui
433 2503 501 2549 eam
523 2505 615 2568 quam
638 2487 778 2552 convenit
792 2488 932 2553 habitam
948 2507 1014 2554 esse
1029 2489 1187 2555 rationem.
1232 2490 1348 2555 Datum
1364 2491 1479 2556 Romae
