3380 5088
664 359 710 376 —
751 319 820 394 ale
864 357 909 373 -

750 525 824 592 203.

460 645 546 719 nga
567 645 816 706 Helvetiorum
839 645 1012 706 Clementi
1035 647 1109 708 vn.

630 753 717 842 (Litt.
733 756 827 840 prino.
842 756 867 822 I.
884 753 950 842 20).

650 870 715 958 (29.
735 871 804 938 Jan.
823 871 932 959 1524).

251 990 286 1056 B.
309 988 409 1055 Pater.
455 987 583 1056 Vestrae
617 987 776 1054 sanctitati
797 1006 853 1054 nos
876 989 1052 1056 humillime
1073 991 1105 1056 et
1127 1009 1223 1073 usque
1245 989 1282 1056 ad
1306 989 1411 1056 beato·

162 1125 231 1172 rum
253 1105 365 1190 pedum
394 1104 499 1170 oscula
528 1102 784 1170 recomendumus.
831 1101 1030 1172 Sanctissime
1052 1107 1147 1190 pater,
1175 1107 1207 1172 in
1229 1107 1288 1171 bao
1310 1108 1414 1172 nostra

163 1222 300 1308 generali
322 1219 556 1305 congregatione
570 1238 589 1284 a
604 1219 696 1286 certis
718 1219 832 1285 nostris
856 1220 988 1287 subditis
1004 1223 1174 1307 accepimus
1197 1222 1329 1306 qualiter
1343 1241 1413 1305 pre·

163 1338 265 1405 teritis
280 1337 369 1404 omis
385 1337 442 1402 sub
458 1337 507 1420 pie
522 1335 667 1402 memorie
682 1335 776 1402 Leoni
791 1337 889 1402 vestre
905 1337 1079 1404 sanctitatis
1098 1339 1301 1423 predecessori
1316 1337 1414 1403 eidem

164 1457 196 1522 et
219 1453 329 1520 Sancte
351 1451 423 1518 Sodi
446 1452 605 1519 servierint
628 1453 703 1518 bene
726 1454 757 1518 ct
779 1453 920 1530 heresim
950 1454 1003 1520 sed
1025 1455 1159 1536 tandem,
1182 1473 1242 1542 quo
1263 1455 1301 1520 dc
1323 1472 1416 1520 causa

165 1571 352 1655 ignoramus,
367 1568 405 1635 ad
421 1569 554 1652 patriam
569 1568 685 1652 absque
700 1568 791 1651 plena
807 1569 956 1635 solutione
972 1571 1192 1654 stipendiorum
1207 1573 1320 1638 reversi
1336 1571 1416 1650 sunt,

167 1705 223 1752 nos
232 1687 425 1753 exhortantes
441 1685 538 1768 utpro
547 1683 625 1767 ipsis
641 1701 714 1768 erga
730 1665 927 1751 sanctitatem
936 1688 1069 1753 resbam
1084 1707 1142 1782 que
1157 1687 1194 1756 do
1209 1688 1259 1754 his
1275 1686 1417 1754 omuibus

167 1804 243 1870 bene
265 1803 414 1868 instructa
430 1802 486 1881 est,
508 1799 693 1866 intercedere
715 1800 845 1866 velimus
868 1802 903 1866 ut
925 1801 1024 1868 adbuc
1046 1804 1213 1872 1111111111]
1236 1805 1418 1872 solutionem

167 1919 310 2004 consequi
337 1919 467 1985 valeam
512 1915 578 1982 Nos
600 1915 705 2000 igitur,
734 1916 905 2000 cogitantes
932 1921 1047 2003 quanta
1068 1922 1192 2006 negotia
1214 1921 1325 1988 8111111
1348 1920 1420 1988 Sedi

168 2055 204 2102 ac
224 2035 310 2102 Petri
332 2034 471 2102 ocriculo
492 2031 646 2099 interdum
677 2051 709 2098 se
732 2031 897 2100 ostendunt
918 2036 949 2100 et
971 2037 1051 2120 quod
1079 2056 1135 2104 uos
1157 2039 1289 2124 vestigia
1310 2039 1418 2124 prede·

168 2171 322 2218 oessomm
344 2152 517 2216 nostrorum
540 2147 655 2232 optimo
671 2147 774 2214 animo
795 2151 828 2215 ct
849 2151 989 2235 precipue
1003 2171 1077 2238 erga
1099 2156 1237 2222 muctam
1260 2157 1420 2224 ecclesiam

169 2269 340 2334 Romnum
362 2269 397 2332 ut
416 2263 517 2332 nostri
548 2263 664 2330 subditi
688 2263 716 2330 si
738 2282 813 2348 opus
835 2264 928 2332 tuerit
950 2268 982 2333 in
1004 2269 1135 2353 pristino
1157 2272 1294 2356 ipsorum
1316 2273 1419 2340 animo

168 2386 200 2450 et
222 2383 378 2451 voluntate
402 2379 552 2447 serviendi
574 2381 775 2464 perseverent,
803 2381 936 2448 maxime
958 2384 998 2449 ad
1019 2386 1075 2452 boc
1104 2388 1311 2472 acquievimus
1333 2389 1417 2474 ipso·

168 2521 237 2566 mm
259 2495 466 2584 petitionibus.
512 2493 708 2580 eraproptor‚
732 2497 927 2565 saucbssime
947 2501 1042 2584 pater,
1066 2504 1262 2574 emetitatcm
1284 2509 1419 2575 vestram

169 2616 331 2683 bumilime
353 2631 497 2698 rogamus
520 2613 556 2678 ut
578 2611 637 2677 visi
659 2613 893 2697 prescriptonrm
913 2616 1105 2686 subditomm
1126 2621 1218 2688 iustis
1240 2623 1419 2702 rationibus,

170 2733 225 2798 illo
247 2734 314 2798 tom
344 2747 434 2814 agere
456 2729 487 2794 et
515 2745 674 2812 procurare
703 2727 847 2812 dignetur
868 2732 904 2796 ut
926 2730 963 2799 de
986 2736 1115 2802 resbnti
1143 2738 1295 2822 stipendio
1317 2740 1366 2824 pio
1390 2741 1421 2806 ct

169 2847 303 2933 gratiose
325 2843 544 2930 persolvantur.
589 2842 654 2908 Nos
677 2843 753 2923 ideo,
784 2845 811 2910 si
839 2865 915 2930 opus
944 2849 1036 2916 fuerit
1066 2849 1159 2938 (quod
1181 2854 1264 2922 Deus
1288 2855 1418 2942 avertat)

169 2961 284 3031 nostn's
304 2960 437 3028 servitiis
461 2962 492 3026 et
514 2959 636 3026 auxiliis
659 2959 714 3024 illa
737 2961 844 3027 sancti
860 2982 887 3028 r.
911 2966 942 3030 et
965 2963 1074 3034 Sancte
1090 2966 1162 3035 Sedi
1176 2971 1304 3038 minime
1326 2971 1419 3040 dene·

170 3079 281 3166 gabrri,
303 3096 359 3145 nos
374 3077 487 3144 iterum
502 3095 530 3142 r.
546 3095 569 3141 s.
585 3074 633 3140 uti
654 3075 897 3144 obedientissimi
914 3079 973 3146 filii
987 3082 1148 3154 humilima
1164 3088 1420 3156 reeomondnmus,

170 3197 215 3263 Er
230 3197 366 3263 Lucerna
381 3195 412 3259 et
433 3191 569 3278 generali
584 3191 689 3258 nostru
711 3195 945 3279 congregatione
967 3199 1024 3264 sub
1040 3199 1143 3286 sigillo
1166 3204 1329 3272 eorundem
1351 3223 1419 3270 om·

170 3313 257 3379 nium
279 3313 418 3378 nostrum
441 3307 565 3377 nomine
586 3307 737 3392 vigesima
758 3327 838 3376 noua
859 3310 1008 3380 danuarii.
1053 3315 1142 3384 Anno
1165 3319 1295 3387 mdxrir.

777 3422 881 3494 liiusd
906 3447 928 3495 s.
952 3449 979 3496 r.

338 3540 539 3610 Derotissimi
561 3541 593 3606 et
615 3538 858 3606 obedientissimi
880 3543 940 3610 filii
960 3549 1094 3616 oratores
1116 3550 1180 3636 lige
1202 3552 1421 3622 Helvetiomm.

762 3777 836 3842 204.

478 3897 563 3970 Ligu
584 3895 833 3958 Helvetiorum
856 3897 1028 3963 Clementi
1051 3905 1124 3966 Vll.

539 4005 625 4092 (litt.
640 4005 734 4090 princ.
757 4007 796 4072 ad
811 4007 905 4076 Olem.
920 4012 960 4078 Π.
979 4012 1065 4098 162).

661 4122 704 4208 (1.
720 4123 806 4190 acor.
825 4127 934 4214 1524).

264 4245 448 4316 Beatissimo
471 4240 557 4326 pater
579 4240 610 4305 et
631 4237 761 4320 domine,
783 4241 904 4311 domine
927 4247 1015 4315 uobis
1038 4249 1162 4335 singna
1201 4251 1245 4319 Er
1267 4253 1325 4320 1120
1351 4255 1422 4321 unp.

175 4367 286 4435 versali
303 4363 385 4430 dieta
401 4359 479 4426 alias
494 4357 614 4423 nostroe
637 4355 676 4422 ad
692 4358 887 4427 sanctitatem
904 4365 1037 4432 vestram
1053 4367 1289 4452 conscripsimus
1304 4370 1423 4438 broeras

174 4503 243 4551 eum
259 4479 430 4568 gutiarum
445 4473 563 4542 actione
578 4471 617 4538 ad
631 4473 869 4558 omnipotentem
884 4478 983 4547 Deum
1003 4485 1034 4548 et
1048 4486 1310 4568 congratulatione
1325 4491 1424 4556 vestre

215 4605 449 4660 ‚sponsum-o·
465 4606 511 4652 vn,
1223 4597 1263 4664 18
