3400 5088
705 343 947 411 -153-

200 540 378 620 surrexerat,
407 558 515 626 graves
544 538 671 607 nuncios
692 539 916 622 habuissemus,
947 559 982 606 ac
1010 559 1064 626 pro
1094 541 1200 608 nostra
1229 559 1351 608 summa
1379 559 1450 607 cura

198 656 327 724 tuendae
351 654 466 723 curisti
488 656 645 741 religionis
669 659 699 722 et
722 656 884 741 dignitatis
913 657 984 723 tuae
1007 656 1059 722 dil.
1082 657 1125 722 fil.
1149 657 1245 725 nobili
1273 656 1339 723 viro
1361 657 1450 723 fratri

199 775 251 840 tuo
273 773 347 840 ida
370 773 457 840 nobis
479 792 533 857 per
562 773 681 838 litteras
711 772 882 856 postulanti
911 773 1024 840 auxilia
1045 773 1219 858 pecuniaria
1250 774 1372 841 mittere
1395 773 1448 840 de-

200 891 400 956 crevissemus
429 891 463 956 in
491 890 541 955 his
571 888 693 955 miseris
723 890 755 955 et
784 888 908 956 afflictis
932 888 1019 956 Sedis
1049 889 1233 973 spostolicae
1262 890 1450 974 temporibus

201 1026 320 1072 summo
350 1027 420 1073 cum
442 1007 543 1072 labore
572 1025 727 1091 expressa3
757 1005 910 1072 destinare
939 1005 1131 1072 instituimus
1155 1005 1258 1072 dedita
1287 1025 1377 1091 opera
1400 1008 1449 1074 ta·

199 1123 361 1189 hellarium
385 1122 424 1188 sd
446 1121 499 1188 dil.
522 1122 558 1188 fr.
581 1121 797 1188 Baldassarem
820 1121 1039 1188 Oastilioneum
1061 1122 1206 1188 nuncium
1229 1124 1376 1202 nostrum,
1399 1123 1452 1209 qui

200 1260 268 1305 cum
293 1245 374 1306 seule
401 1241 454 1304 tua
477 1237 579 1304 omnis
609 1237 854 1318 communicaret,
884 1237 1116 1323 exemplumque
1144 1239 1318 1305 litterarum
1341 1240 1451 1323 prefati

199 1355 368 1423 archiduois
392 1355 543 1434 misimus,
574 1373 609 1420 ac
631 1355 721 1438 plane
750 1373 820 1420 eum
843 1353 1045 1420 instruximus
1067 1374 1120 1438 per
1151 1355 1264 1440 scripta
1286 1357 1390 1421 nostra
1414 1356 1450 1423 de

200 1493 234 1538 eo
257 1472 336 1556 quod
360 1471 512 1556 agendum
535 1473 566 1537 et
588 1469 801 1536 tonsurandum
833 1488 902 1535 cum
926 1475 1008 1536 ser.ts
1033 1470 1087 1536 tua
1110 1472 1198 1538 asset.
1244 1470 1335 1538 Nunc
1357 1492 1451 1556 quum

199 1588 261 1654 iam
285 1588 427 1654 remediis
450 1587 615 1654 acrioribus
638 1587 713 1652 haee
735 1587 822 1652 tante
845 1587 928 1652 mala
949 1586 1116 1672 indigeant,
1146 1589 1251 1672 estque
1273 1587 1345 1654 fidei
1367 1589 1450 1654 cbri-

200 1705 318 1770 stianae
347 1706 378 1770 et
407 1703 564 1770 universae
588 1701 770 1770 Germanias
800 1701 949 1769 sedandae
979 1721 1014 1768 ac
1044 1703 1266 1787 componendae
1295 1704 1395 1772 omnis
1418 1704 1451 1771 in

200 1821 269 1886 tuae
286 1825 377 1886 sauli⁸
396 1820 509 1887 virtute
525 1821 615 1905 atque
630 1817 791 1906 prudentia
806 1839 875 1904 spes
891 1819 1031 1905 reposita,
1047 1821 1205 1887 hortamur
1220 1821 1348 1888 eandem
1365 1823 1451 1888 tuam

200 1945 305 2004 ser.toln
328 1937 361 2002 in
383 1937 515 2003 Domino
538 1938 573 2002 ut
594 1936 652 2002 hoo
674 1937 809 2020 tempore
839 1936 963 2002 demum
986 1935 1106 2021 quando
1135 1937 1234 2004 adhuc
1263 1939 1317 2004 tua
1339 1937 1451 2004 lenitas

200 2056 231 2121 eb
253 2053 416 2120 elementia
444 2073 506 2119 non
528 2053 649 2118 tantum
679 2053 828 2136 quantum
851 2052 957 2118 debuit
985 2051 1128 2136 prodesse
1158 2053 1191 2118 in
1213 2055 1300 2120 tanta
1328 2055 1449 2139 pertur-

199 2171 322 2239 batione
344 2172 516 2253 temporum
538 2169 661 2253 profuit
685 2168 837 2252 suscipere
859 2169 962 2262 partes
985 2171 1017 2235 et
1039 2169 1159 2236 animos
1181 2169 1290 2236 invicti
1313 2169 1451 2236 Caesada

198 2286 275 2352 velis
299 2305 334 2352 ac
357 2285 517 2353 severitate
538 2286 571 2351 et
593 2284 721 2369 imperio
743 2284 869 2365 efficere,
899 2286 934 2351 ut
956 2285 1031 2351 haec
1053 2285 1198 2369 pestifera
1228 2305 1352 2372 serpens
1375 2291 1467 2372 quae'

198 2403 301 2470 omnia
323 2404 393 2468 tabe
416 2403 447 2468 et
469 2420 583 2468 veneno
606 2401 768 2487 permiscet
790 2402 880 2485 alque
903 2401 1072 2482 conturbat,
1094 2401 1176 2468 iusta
1192 2401 1452 2471 animadversione

198 2518 275 2584 elisa
298 2521 388 2604 atque
411 2517 564 2584 contracta
582 2515 744 2602 aliquando
768 2536 837 2582 oum
853 2514 1053 2584 Germaniam
1075 2517 1177 2602 ipsam
1200 2518 1303 2586 sedem
1325 2520 1356 2586 et
1378 2519 1449 2585 fun-

198 2634 377 2702 dementum
399 2633 520 2720 imperii
548 2633 595 2700 tui
617 2634 684 2700 tum
707 2632 882 2700 uniuersam
912 2633 1171 2701 christianitatem
1192 2633 1322 2702 liberam
1344 2635 1449 2720 placa·

197 2753 320 2837 tamque
343 2751 495 2826 dimittct3
518 2749 662 2835 quoniam
686 2749 713 2815 si
727 2749 777 2814 his
799 2751 965 2833 opportune
988 2770 1047 2816 non
1070 2751 1227 2817 occuratur
1250 2751 1350 2830 malis,
1372 2771 1446 2836 gra-

198 2866 277 2934 viter
298 2867 454 2947 timemus,
477 2887 515 2932 ne
537 2867 646 2932 ormcta
668 2864 702 2931 iu
725 2884 818 2933 uuam
833 2865 1048 2950 pertrahantur
1071 2867 1200 2947 ruinam,
1225 2867 1304 2933 sicut
1326 2867 1451 2952 abipso

198 2983 381 3049 ledsssare
410 2982 520 3049 nuncio
550 2982 652 3049 nostro
683 2985 778 3048 ser.tes
807 2982 861 3047 tua
883 2982 1016 3067 emplius
1046 2982 1200 3067 intelliget
1229 2983 1277 3049 oui
1307 2981 1398 3050 fidem
1420 2984 1452 3049 et

199 3101 399 3167 attentionem
428 3098 525 3165 animi
553 3098 676 3184 prebere
705 3116 766 3164 non
795 3098 981 3183 gravabitur.
1027 3099 1143 3165 Datum
1172 3099 1287 3166 Rornae
1316 3099 1372 3166 eto.
1403 3097 1451 3165 die

199 3215 249 3282 rii
272 3215 360 3282 Junii
382 3213 500 3282 mdxxv.
545 3213 634 3280 huno
658 3211 796 3280 secundo.

526 3473 657 3540 Priori
686 3492 849 3557 magnas
878 3471 1129 3558 Carthugiaa.

290 3633 418 3700 Mandat
447 3634 580 3718 pontifex
610 3635 645 3698 ut
667 3632 714 3699 Jo.
738 3633 898 3716 Baptistae
927 3633 1021 3716 priori
1043 3633 1172 3700 Trisulti
1201 3634 1253 3701 det
1274 3635 1451 3700 facultatem

201 3749 328 3818 exeundi
351 3749 388 3817 de
411 3749 595 3853 monasterio
617 3768 653 3814 ac
675 3748 714 3814 ad
736 3747 837 3813 variae
860 3748 998 3833 regiones
1022 3751 1053 3815 et
1073 3749 1141 3816 loca
1164 3769 1196 3816 se
1218 3749 1392 3817 conferendi
1413 3749 1452 3815 ad

202 3864 289 3932 Sedis
311 3865 495 3951 apostolicae
509 3863 635 3951 negocia
649 3861 870 3947 pertractanda.
915 3864 1031 3931 Datum
1047 3859 1162 3933 Romae
1177 3865 1216 3932 ir.
1231 3865 1319 3932 Junii
1333 3864 1452 3933 mdxxv.

200 3981 289 4048 Anno
313 3980 451 4048 secundo.

740 4209 909 4278 Caesari

290 4375 350 4442 Pro
377 4373 525 4441 cardinali
547 4372 697 4455 Salviae,
725 4374 828 4458 legato
849 4409 896 4422 -
917 4375 974 4440 xiv.
1004 4375 1092 4444 lunii
1115 4375 1233 4442 mdxxr.
1284 4375 1374 4442 Auno
1401 4393 1450 4441 se·

202 4489 306 4558 cundo.
