3396 5090
678 299 918 366 -231-

170 490 293 571 atrooia,
313 492 447 572 insolita,
471 492 607 560 omnium
630 493 743 560 animis
758 495 889 578 profesto
913 515 1023 562 novum
1047 500 1201 566 horrorem
1224 499 1375 583 quendam
1390 499 1421 566 et

171 611 327 694 stuporem
341 605 524 676 obtulerunt.
571 608 657 690 Quod
672 611 754 677 enim
777 613 830 696 qui
851 613 883 678 in
900 613 1083 697 Hispaniam
1104 633 1153 681 res
1167 614 1201 681 in
1217 634 1301 681 sauro
1315 616 1419 682 nostro

171 727 267 792 Rotae
282 726 431 794 auditorio
445 726 595 793 iudicatas
610 726 758 804 referuut;
781 729 833 813 qui
848 730 903 794 eut
917 729 1018 809 citare,
1034 732 1088 796 aut
1103 749 1233 812 monere,
1252 733 1307 800 aaut
1321 730 1420 799 edicta

170 863 205 910 ao
228 844 374 910 mandata
396 843 562 929 apostoliea
584 845 715 928 proferre
737 846 771 911 in
793 846 1008 912 aeolesiastiois
1031 848 1243 914 controversiis
1266 847 1346 932 apud
1368 866 1418 914 ee·

171 960 358 1026 elesiastioas
381 979 525 1044 personas
548 980 566 1025 a
589 980 708 1028 summo
731 964 852 1045 pastore
875 963 1017 1030 eoolaaiae
1047 963 1166 1030 decreta
1188 965 1343 1043 sonantur,
1367 965 1421 1028 aut

171 1075 264 1142 minis
287 1078 375 1161 vique
399 1077 614 1157 deterreantur,
637 1097 695 1162 quo
718 1078 821 1146 minus
843 1079 875 1146 id
891 1080 1019 1156 iaoiant3
1043 1084 1097 1146 aut
1120 1081 1147 1146 si
1170 1081 1233 1146 iam
1256 1081 1419 1148 fecerinte

170 1194 232 1258 tuis
256 1193 436 1260 officialibus
467 1211 582 1260 oaroere
605 1197 636 1260 et
658 1194 788 1262 uinculis
812 1198 843 1263 ot
871 1196 976 1280 poenis
999 1196 1186 1276 alliciantur,
1210 1197 1264 1264 ubi
1287 1215 1420 1281 unquam

170 1310 310 1395 gentium
332 1311 381 1376 vel
403 1310 495 1376 fando
523 1310 662 1377 auditum
685 1312 754 1379 est?
793 1311 874 1393 Quin
896 1313 973 1378 illud
996 1313 1090 1380 etiam
1119 1314 1265 1393 atrocius,
1295 1314 1333 1381 do
1362 1333 1420 1398 quo

171 1426 387 1493 inumerabiles
417 1427 554 1511 querelae
584 1426 623 1493 ad
646 1447 701 1494 nos
733 1427 867 1513 qnotidie
897 1428 1088 1510 deferuntur,
1119 1430 1197 1513 quod
1225 1430 1421 1498 inveniuntur

171 1543 283 1608 notarii
304 1543 427 1627 publici,
451 1543 503 1626 qui
518 1543 640 1609 nomine
664 1548 753 1609 ser.tis
772 1545 850 1622 tuae,
869 1545 920 1610 bio
934 1545 968 1611 in
983 1546 1065 1611 alma
1081 1546 1155 1612 nrbe
1169 1547 1283 1626 nostra,
1305 1546 1339 1612 in
1353 1546 1420 1629 ipso

170 1659 320 1726 auditorio
343 1661 434 1737 rotae,
457 1659 530 1725 dum
561 1657 667 1727 sedent
689 1659 812 1738 iudioes,
843 1661 917 1728 dum
939 1660 1051 1728 iudieia
1080 1661 1279 1742 celebrantur,
1308 1662 1421 1728 audent
1478 1718 1482 1727 .

170 1775 307 1842 inhibere
321 1775 459 1859 personis
475 1773 699 1855 ecelesiasticis,
720 1776 941 1844 eoolesiastioas
957 1795 1064 1844 causae
1080 1777 1340 1862 prosequentibus,
1364 1779 1420 1844 sub

169 1889 363 1974 grauissimis
385 1891 504 1974 poenis,
535 1891 694 1957 inseram
723 1895 754 1959 et
780 1891 920 1958 affinium
949 1893 1043 1959 etiam
1066 1911 1101 1959 ao
1128 1893 1419 1979 consanguineorum

171 2006 319 2090 supplicia
351 2007 545 2092 exequendis,
581 2010 616 2072 nt
645 2027 662 2072 a
692 2008 792 2074 causis
822 2009 898 2093 ipsis
927 2009 1093 2095 litibusque
1122 2009 1280 2076 desistant.
1335 2004 1421 2089 Quod

170 2124 288 2190 lacinus
312 2125 475 2208 superbum
498 2125 530 2190 et
551 2124 693 2201 insolens,
717 2125 841 2208 plenum
865 2127 1001 2191 omnium
1018 2125 1219 2193 adnuntiens
1242 2131 1273 2192 et
1291 2128 1420 2211 querela,

170 2241 222 2324 qui
244 2243 382 2306 nostram
404 2240 533 2305 nimiam
563 2239 724 2309 lenitatem
752 2229 968 2325 reprehendere
992 2242 1077 2308 soliti
1105 2245 1185 2320 sunt,
1215 2246 1246 2308 et
1275 2243 1421 2310 aeriorem

169 2356 233 2422 uim
256 2357 427 2422 severitatis
449 2356 649 2440 expostulant,
674 2359 875 2424 commoveret
891 2359 1024 2442 profeoto
1047 2378 1102 2424 nos
1117 2377 1242 2444 quoque,
1265 2358 1328 2425 nisi
1345 2360 1420 2426 uerti

168 2491 313 2550 essemus,
338 2474 427 2538 ser.tis
447 2474 517 2538 tuae
540 2475 675 2540 mentem
698 2475 729 2538 et
753 2474 936 2540 sententiam
965 2492 1026 2541 non
1047 2475 1265 2542 buinsoemodi·
1279 2493 1355 2553 esse,
1384 2477 1419 2541 ut

168 2590 232 2656 Deo
255 2590 286 2655 et
308 2587 445 2655 iustitiae
467 2590 498 2654 et
520 2588 607 2655 nobis
630 2592 662 2654 et
685 2589 769 2654 omni
794 2589 887 2654 simul
910 2589 1015 2656 divino
1037 2590 1230 2676 humanoque
1252 2592 1317 2658 iure
1339 2591 1418 2658 haue

166 2707 286 2771 tautam
308 2704 452 2772 iniuriam
476 2724 542 2770 esse
564 2705 678 2772 iactam
700 2705 790 2783 velit;
814 2705 842 2771 ei
863 2705 946 2772 euim
969 2705 1245 2788 animadvertisses,
1269 2710 1417 2792 quantum

166 2821 200 2886 in
222 2822 279 2887 hao
301 2841 333 2887 re
356 2820 432 2887 mali
454 2821 620 2905 iniustique
636 2821 686 2900 sit,
709 2823 763 2887 aut
787 2822 814 2887 si
828 2822 1171 2890 exeommunicationem
1193 2825 1225 2890 at
1246 2824 1418 2902 anathema,

167 2937 246 3022 quod
269 2937 344 3002 talia
358 2936 551 3022 patrantibus
575 2937 668 3004 etiam
684 2956 737 3021 per
752 2937 870 3004 bullam
893 2937 1010 3016 ,indie
1026 2957 1134 3006 eoenas
1149 2937 1295 3006 Domini“
1320 2940 1415 3005 aRo·

167 3054 267 3120 manis
290 3053 484 3138 ponbtoibus
508 3053 670 3139 quotannis
693 3053 753 3138 legi
770 3053 894 3120 solitam
916 3054 1106 3138 propositum
1127 3056 1184 3135 eat,
1205 3054 1416 3132 intellexisses

166 3171 220 3236 aut
242 3189 303 3236 non
317 3169 524 3236 oommisissas
547 3169 728 3256 aprinoipio
750 3169 835 3252 talia,
859 3171 912 3236 aut
930 3169 1140 3238 emendatione
1162 3171 1251 3249 iaota,
1274 3171 1313 3237 ad
1331 3171 1416 3237 tuem

167 3287 290 3353 solitam
312 3285 456 3370 pietatem
480 3288 512 3352 et
526 3285 705 3370 religionem
728 3289 916 3354 reuerterere.
956 3285 1049 3354 Cuius
1064 3288 1095 3352 te
1115 3306 1195 3353 nuno
1210 3286 1347 3366 admissi,
1362 3305 1417 3371 pro

166 3403 270 3469 nostra
291 3403 417 3487 paterna
440 3401 474 3468 in
495 3404 526 3468 te
547 3401 698 3470 charitate
720 3422 786 3469 esse
810 3402 1000 3470 admonitum
1015 3403 1165 3482 volumus,
1188 3406 1219 3469 et
1234 3403 1293 3470 tibi
1316 3403 1415 3488 signi-

167 3519 263 3596 tioare,
294 3519 408 3584 tenon
436 3517 605 3586 minoribus
634 3518 770 3584 sensuris
792 3520 823 3585 et
851 3518 968 3603 laqueis
997 3519 1202 3585 anathematis
1232 3539 1268 3585 ex
1290 3519 1347 3586 bae
1375 3539 1416 3597 re,

166 3653 257 3718 quam
281 3653 316 3700 eu
338 3633 487 3717 imperato
510 3635 543 3700 in
566 3634 700 3719 episcopi
721 3653 883 3720 personam
899 3634 1063 3702 bomioidio
1078 3635 1271 3720 implicatum
1294 3655 1375 3712 esse;
1399 3656 1417 3702 a

166 3768 224 3833 quo
247 3749 380 3833 proferto
395 3768 483 3816 onere
506 3751 537 3815 et
552 3752 673 3817 vinoulo
697 3751 822 3834 utroque
845 3752 876 3816 te
891 3750 1049 3817 absolvere
1071 3752 1104 3818 et
1117 3752 1246 3818 liberare
1269 3752 1416 3837 rupimus,

166 3863 334 3950 unoque)
358 3865 504 3949 principis
527 3866 663 3932 animam
678 3866 710 3933 et
724 3885 835 3932 nomen
856 3867 890 3932 in
907 3866 966 3934 Dei
987 3866 1205 3952 omnipotentis
1220 3851 1362 3953 gratiam,
1387 3871 1418 3934 et

165 3981 198 4046 in
220 3981 407 4064 praeclaram
430 3980 603 4064 opinionem
626 3983 804 4048 cunctarum
827 3982 967 4068 gentium
989 3983 1165 4059 restituere;
1196 3983 1224 4048 si
1246 3985 1350 4050 tamm
1379 3983 1416 4049 de
1546 3975 1554 3996 '

166 4097 222 4163 boo
244 4096 339 4164 etiam
361 4097 456 4163 altero
479 4099 511 4162 te
532 4098 685 4181 poenitere
708 4097 863 4180 professus
886 4099 989 4164 fueris.
1035 4099 1080 4164 do
1103 4098 1140 4164 de
1162 4098 1216 4165 illo
1232 4098 1355 4182 quidem
1378 4100 1416 4166 de

165 4230 225 4294 quo
239 4211 319 4295 potis
343 4212 374 4277 et
390 4212 542 4296 supplicas
565 4214 713 4297 quantum
730 4213 880 4280 absolutio
904 4217 980 4280 ser.ti
999 4215 1070 4282 tuae
1093 4214 1139 4280 tili
1155 4214 1312 4280 carissime
1335 4215 1416 4299 apud

259 4461 275 4524 ¹]
295 4461 408 4514 Ommlsaa
426 4467 483 4516 sunt
501 4466 580 4514 verba:
601 4469 644 4523 ,et
661 4471 710 4516 tum
729 4465 838 4515 ratbolici
857 4467 961 4528 piiquw
