3364 5102
794 369 1038 437 -394-

287 566 384 634 tatem
407 557 580 633 maiestatis
603 567 672 632 tuae
695 566 785 650 prout
813 567 960 632 maiestas
982 566 1036 632 tua
1066 565 1177 632 melius
1200 567 1293 633 novit.
1339 563 1395 632 Cui
1417 567 1538 632 tantum

287 685 386 750 abluit
408 685 442 749 nt
457 682 634 767 Alphonsus
656 681 809 767 praefatus
832 682 1006 766 aliqualiter
1028 682 1178 748 restiterit
1199 681 1248 748 vel
1269 701 1340 748 eum
1363 683 1537 767 aliquantu·

286 802 352 867 lum
375 801 544 866 remoratus
558 798 651 865 luerit
673 798 877 883 autaliquem
900 797 1095 884 diligentiam
1118 817 1172 883 pro
1188 798 1349 865 auertendo
1365 798 1538 865 huiusmodi

286 918 374 983 hoste
396 916 496 995 ferret,
519 917 555 980 ut
576 913 679 999 potius
702 915 751 980 illi
767 915 933 980 transitum
956 915 1164 981 voluntarium
1179 916 1351 982 remeatum
1372 917 1404 982 et
1426 934 1534 1000 suppe-

286 1035 346 1098 tias
369 1031 487 1098 dederit
509 1031 540 1096 et
561 1050 632 1096 eum
654 1048 689 1097 eo
711 1030 855 1114 loquutus
878 1030 984 1108 fuerit3
1008 1049 1084 1116 quae
1107 1031 1211 1097 omnia
1233 1033 1338 1098 contra
1361 1051 1534 1116 supremum

286 1147 445 1214 dominum
469 1165 559 1213 suum
582 1147 616 1212 ut
638 1147 847 1231 praemittitur
870 1149 966 1231 gesta,
989 1147 1126 1232 apertam
1150 1148 1347 1214 rebellionem
1370 1148 1534 1233 ingratitu-

285 1264 390 1330 dinem
413 1265 503 1348 stque
525 1262 724 1329 inimicitiam
740 1263 773 1327 in
796 1283 852 1330 nos
867 1264 897 1329 et
914 1261 1023 1329 Sedem
1047 1264 1245 1348 apostolicam
1261 1263 1478 1343 demonstrant
1503 1267 1536 1330 ut

285 1381 464 1448 omittamus
487 1377 567 1463 quod
590 1378 684 1444 etiam
700 1379 804 1445 eontra
819 1379 1013 1445 maiestatem
1029 1381 1114 1444 tuam
1137 1379 1309 1445 adhaeserit
1332 1382 1396 1464 regi
1412 1379 1537 1446 llanoie

284 1496 411 1562 inimioo
439 1497 503 1560 tam
534 1495 706 1560 maiestatis
736 1497 806 1561 tuae
835 1514 927 1580 quam
957 1495 1003 1561 tui
1033 1513 1124 1560 eausa
1152 1497 1266 1574 nostro,
1295 1497 1361 1561 eius
1393 1514 1476 1561 arma
1504 1501 1536 1562 ln

284 1611 410 1678 civitate
432 1611 588 1677 Ferrariae
610 1610 773 1696 depingere
796 1611 948 1687 iaoiendm
978 1629 1054 1694 quae
1077 1613 1180 1677 omnia
1206 1613 1352 1696 tanquam
1375 1614 1446 1678 tuae
1467 1632 1535 1679 ma·

283 1727 388 1792 iestati
419 1727 582 1793 notissima
611 1725 650 1792 ad
679 1727 765 1793 tuam
796 1728 976 1794 memoriam
998 1726 1171 1793 reducimus
1201 1727 1232 1793 et
1254 1727 1292 1793 de
1314 1727 1364 1793 his
1395 1729 1535 1794 omnibus

283 1843 466 1909 attestemur
488 1843 519 1908 et
533 1842 624 1910 fidem
640 1841 779 1922 facimus,
802 1845 837 1908 ut
860 1843 1023 1928 eognosoat
1037 1843 1184 1908 maiestas
1199 1845 1253 1908 tua
1275 1843 1303 1908 si
1319 1863 1374 1910 nos
1397 1847 1429 1910 et
1443 1843 1535 1910 Sedes

283 1959 450 2044 apostoliea
479 1959 594 2025 iustam
625 1977 748 2024 oausam
777 1957 1001 2043 indignationis
1031 1959 1198 2025 habeamus
1228 1960 1333 2024 eontra
1364 1959 1534 2043 praefatum

282 2075 477 2160 mpuonsum
500 2073 658 2141 subditum
681 2075 821 2142 nostrum
843 2075 889 2140 ita
911 2074 1067 2142 hostiliter
1089 2094 1145 2141 nos
1167 2075 1407 2159 prosequentem.
1430 2127 1437 2142 .
1460 2127 1469 2142 .
