3380 5088
666 297 910 372 *289-

751 507 825 574 218.

534 627 685 690 Carolus
708 628 749 688 v.
772 627 945 687 Clementi
967 621 1041 687 v11.

612 739 700 824 (niet
714 738 808 822 princ.
825 739 864 805 11.
881 735 970 822 237).

659 853 702 940 (9.
718 853 797 920 Julii
814 853 923 942 1524).

255 974 288 1042 Si
303 978 452 1061 quantum
475 972 609 1040 dolerem
632 970 819 1054 caeperimns
842 991 878 1038 ex
892 976 1006 1042 recenti
1028 977 1085 1046 hec
1099 983 1302 1066 partuatque
1317 977 1412 1046 ellen-

166 1094 302 1160 sionibus
323 1090 492 1158 Lutherani
514 1088 615 1155 delirii
637 1087 773 1154 oratione
796 1089 962 1172 exprimere
985 1092 1171 1178 deberemus,
1194 1097 1326 1181 proiecto
1348 1096 1415 1161 luce

164 1209 277 1276 clarius
299 1207 486 1292 intelligeret
509 1225 532 1272 s.
549 1225 575 1271 v.
599 1205 690 1288 etque
713 1208 906 1288 cognosceret
927 1209 1082 1277 neminem
1104 1231 1171 1278 esse
1193 1213 1226 1280 in
1248 1211 1415 1278 christiano

165 1328 237 1393 orbe
252 1323 302 1391 cui
323 1343 372 1391 res
387 1323 462 1390 haec
477 1321 624 1388 maiorem
647 1339 740 1404 quam
755 1321 843 1386 nobis
858 1323 1033 1391 molestiam
1049 1328 1196 1394 attrderit
1223 1327 1306 1393 Nam
1321 1345 1415 1412 quum

166 1442 265 1507 multa
289 1440 352 1506 sint
373 1457 450 1524 quae
473 1437 513 1504 cd
536 1437 592 1503 hoc
614 1455 670 1502 nos
692 1435 758 1501 iure
780 1437 890 1504 merito
919 1458 1040 1508 movere
1062 1444 1153 1527 atque
1182 1443 1339 1527 impellere
1360 1441 1415 1506 de-

166 1557 267 1640 beant,
290 1554 368 1621 illud
390 1553 585 1638 praecipuum
607 1554 638 1618 et
661 1552 828 1620 marimum
851 1555 899 1619 est
921 1555 1000 1638 quod
1021 1557 1180 1625 videamus
1202 1558 1278 1626 haec
1298 1557 1332 1624 in
1354 1557 1415 1622 im·

166 1673 250 1759 peric
272 1673 376 1738 nostre
399 1689 434 1738 ac
457 1667 632 1736 subuculis
662 1687 738 1752 pene
760 1669 874 1736 nestris
896 1670 971 1751 fieri,
1000 1674 1106 1758 etqui
1137 1675 1315 1741 iamdudum
1345 1675 1416 1739 tan·

167 1793 270 1874 tepere
284 1786 384 1854 modis
398 1786 541 1853 omnibus
562 1784 769 1852 laboravimus
783 1786 818 1850 ut
834 1785 869 1864 si,
884 1787 964 1871 quod
979 1790 1046 1855 tum
1062 1791 1185 1858 omnino
1200 1790 1418 1858 difficillimum

168 1905 336 1984 videbatur,
366 1903 454 1971 nobis
485 1904 551 1968 tam
580 1901 668 1985 gravi
690 1903 722 1966 et
744 1900 913 1985 periculose
941 1905 1022 1970 bello
1052 1905 1211 1990 implicitis
1240 1925 1302 1974 non
1323 1905 1418 1974 extir-

168 2039 319 2107 paremus‚
341 2020 421 2086 haue
443 2019 553 2086 saltem
576 2015 796 2097 militaremus,
820 2020 910 2103 atque
925 2039 964 2086 ne
981 2020 1075 2088 latius
1097 2023 1271 2107 pullularet
1295 2022 1418 2090 concul-

170 2156 307 2204 caremus
330 2135 526 2202 maledictam
549 2135 581 2200 et
602 2134 786 2201 virulentam
813 2135 961 2220 plantam,
984 2137 1063 2221 quod
1085 2157 1166 2205 nune
1187 2140 1342 2223 praestare
1364 2157 1420 2204 nos

170 2272 258 2337 posse
281 2252 368 2319 nobie
392 2252 493 2318 visum
515 2251 571 2328 est,
593 2269 654 2316 non
669 2250 940 2334 praetermisimus,
963 2254 1219 2335 quemadmodum
1241 2275 1277 2322 er
1298 2255 1419 2320 littera·

170 2389 239 2434 rum
262 2367 408 2452 exemplis
437 2385 514 2452 qnae
536 2366 584 2432 illi
612 2364 751 2432 ostendet
779 2366 824 2433 ill
853 2367 913 2434 dux
944 2365 1072 2435 Suessae
1094 2372 1195 2437 orator
1222 2372 1339 2450 noster,
1368 2371 1418 2436 in·

171 2484 311 2570 telligere
342 2503 366 2549 s.
388 2503 416 2548 v.
446 2482 566 2566 poterit.
611 2481 741 2549 Utinam
770 2482 816 2549 ite
846 2482 934 2549 nobis
963 2503 1045 2550 nunc
1072 2486 1177 2553 liceret
1206 2505 1241 2553 ee
1270 2485 1421 2571 proficisci

172 2617 332 2685 coramque
353 2597 525 2684 providere;
548 2599 628 2664 certe
649 2615 711 2664 non
725 2599 967 2682 expectassemus
989 2619 1085 2686 neque
1099 2601 1220 2668 litteras
1242 2621 1338 2686 neque
1351 2620 1420 2668 mo·

172 2718 238 2784 nita
260 2736 279 2782 a
294 2714 457 2782 sanctitate
471 2715 586 2792 vestrm
608 2713 725 2780 maiora
739 2715 793 2780 aut
813 2714 929 2781 acriora
951 2717 1092 2782 absentes
1107 2718 1225 2784 tentme
1239 2736 1301 2784 nen
1316 2737 1422 2784 sumus

174 2834 256 2912 ausi3
278 2851 317 2900 ne
338 2830 413 2898 dmn
436 2831 557 2897 mntem
572 2829 746 2896 incendium
770 2829 814 2897 sic
834 2831 1023 2916 restinguere
1039 2832 1179 2900 nolumus
1201 2833 1303 2900 maius
1322 2833 1420 2899 susci·

173 2952 318 3029 daremus,
342 2946 395 3014 sed
413 2943 558 3032 quiequid
580 2944 701 3012 anobis
723 2965 859 3030 unquam
880 2945 947 3014 fieri
969 2949 1001 3014 et
1014 2948 1165 3032 praestari
1185 2949 1219 3016 in
1240 2949 1298 3014 hoc
1320 2950 1420 3038 caeta-

173 3064 276 3152 risque
290 3063 382 3131 rebus
396 3061 518 3147 poterit,
537 3061 679 3129 dabimus
693 3063 837 3147 perpetuo
853 3080 976 3148 operam
990 3065 1026 3130 ut
1040 3066 1072 3131 et
1086 3064 1166 3131 votis
1182 3085 1206 3132 s.
1222 3085 1249 3132 v.
1265 3064 1423 3149 efficioque

174 3183 205 3249 et
227 3179 374 3267 dignitati
395 3181 518 3246 nostrae
541 3177 781 3258 setisfmiamus3
807 3178 1045 3266 persuadereque
1069 3180 1130 3247 sibi
1150 3181 1252 3265 petest
1274 3181 1423 3248 sanctitas

174 3317 201 3366 v.
217 3317 272 3365 nos
295 3315 388 3382 aeque
403 3294 561 3362 habituros
583 3293 658 3360 haee
679 3293 787 3360 cenea
809 3296 899 3379 atque
913 3295 1025 3380 impios
1048 3315 1163 3364 errores
1184 3296 1218 3362 in
1233 3298 1337 3362 nostro
1358 3296 1421 3362 im·
1553 3375 1556 3380 Ι

175 3415 257 3498 perio
286 3412 366 3497 pati,
396 3430 487 3497 quam
516 3429 594 3495 pene
619 3409 686 3494 ipso
715 3410 843 3494 imperio
872 3429 987 3478 carere:
1017 3411 1098 3496 qued
1126 3411 1245 3496 quando
1275 3411 1423 3478 divinitus

176 3528 264 3595 nobis
287 3546 462 3595 concessum
485 3528 541 3606 est
571 3527 602 3594 et
623 3525 703 3593 tueri
724 3527 756 3592 et
777 3525 936 3612 praecipue
965 3526 1001 3594 de
1024 3525 1140 3594 Christi
1168 3527 1228 3596 fide
1250 3529 1342 3612 etque
1362 3528 1424 3594 ista

176 3643 342 3729 apostolica
365 3642 434 3711 sede
449 3643 482 3709 et
496 3642 659 3708 sanctitate
673 3661 700 3708 v.
716 3642 934 3709 benemerendo
958 3643 1105 3728 ampliare
1120 3643 1152 3710 et
1165 3645 1267 3728 magis
1286 3643 1425 3711 decorare

177 3760 362 3845 cogitemus;
391 3757 648 3845 quemadmodum
670 3756 707 3823 de
728 3756 778 3823 his
808 3758 993 3843 caeterisque
1015 3777 1092 3844 quae
1122 3759 1161 3825 ad
1183 3759 1241 3826 hoc
1262 3759 1351 3825 nobis
1373 3780 1423 3826 re·

177 3875 278 3943 media
307 3875 467 3942 occurrunt
495 3873 618 3940 uberius
647 3872 802 3958 intelliget
824 3893 848 3940 s.
871 3894 898 3941 r.
923 3894 958 3941 ex
980 3875 1047 3960 ipso
1077 3875 1194 3941 oratore
1225 3876 1328 3942 nostro
1351 3875 1425 3942 duce

178 3989 314 4059 Suessae.
360 3987 417 4056 Cui
437 3992 473 4056 ut
495 3989 587 4056 tidem
609 3988 729 4068 habeat,
762 3989 899 4075 quodque
921 3989 1037 4057 factum
1059 3989 1211 4075 optimum
1241 3989 1302 4056 eibi
1324 3990 1425 4056 meum

177 4107 334 4187 fueritin
356 4125 516 4174 commune
537 4107 676 4172 consulat
704 4125 848 4191 rogamus
872 4159 879 4173 .
904 4158 910 4172 .
934 4159 941 4173 .
964 4107 1080 4173 Datum
1103 4107 1137 4172 in
1166 4105 1289 4172 deitate
1319 4109 1423 4174 nostra

177 4222 331 4310 Burgensi
352 4221 401 4289 dle
423 4223 462 4288 ix.
485 4221 563 4288 Julii
585 4241 664 4288 anne
686 4221 812 4289 Domini
833 4221 963 4290 mdrriv.
979 4240 1142 4308 regnorum
1164 4224 1338 4288 nostrorum
1361 4203 1424 4288 Ro·

179 4341 264 4409 mani
287 4342 371 4407 sexto
393 4341 425 4406 et
447 4337 577 4406 aliorum
599 4338 737 4405 emnium
759 4357 846 4406 nouo.

267 4455 392 4523 Carolus
415 4457 471 4522 etc.
1141 4454 1197 4520 Ph.
1221 4453 1336 4521 Nicole.

231 4583 332 4630 neser..
345 4583 454 4620 mma·
469 4583 514 4621 vn.
1226 4565 1266 4632 19
