3380 5088
688 316 841 394 *ast
890 351 932 374 ...

180 524 356 590 nostrarum
378 515 501 587 urbium
523 523 594 604 post
615 521 673 586 bec
695 521 843 601 acbrmm,
865 539 924 606 quo
947 520 1162 588 obstinatiores
1184 537 1235 588 eoa
1258 516 1341 590 ridet
1356 537 1433 608 qao-

182 657 251 706 rum
272 637 403 705 iuiuriae
425 656 481 704 nos
502 637 566 703 ianr
588 637 623 703 in
644 637 708 702 alia
729 637 858 704 consilia
879 637 1084 722 impulissent,
1107 637 1169 704 uisi
1190 637 1312 722 publica
1334 657 1434 720 causa,

181 773 274 839 quam
302 754 423 841 privata
444 754 549 820 111111
577 753 727 838 potiorem
756 753 906 834 ducimus,
935 757 967 820 et
990 771 1059 838 spes
1082 753 1150 839 ipsa
1171 773 1265 839 quam
1287 755 1321 822 in
1343 759 1434 822 11111·

180 872 251 937 tuae
273 869 387 936 auxilio
401 870 534 955 positam
548 869 698 936 babemus
720 887 776 935 nos
798 868 1012 936 retardassent
1050 868 1095 937 Ut
1110 870 1249 954 pluribus
1263 870 1363 938 eidem
1381 871 1433 938 dil.

181 987 247 1053 lilio
268 987 398 1072 Bayliro
420 985 631 1071 respondimus
655 987 710 1052 eto.
756 985 872 1052 Datum
894 985 1081 1052 1111111111.
1106 986 1155 1053 die
1177 987 1234 1053 xiv.
1251 985 1434 1054 Novembris

182 1101 336 1170 mdxxriii.
381 1103 470 1170 Anno
493 1102 607 1186 quinto.

270 1335 438 1419 Bonaparti
461 1335 498 1400 de
521 1333 684 1402 Ghisleriie
707 1334 767 1400 ciri
789 1353 825 1400 ac
845 1335 1035 1400 thesaurario
1057 1335 1193 1402 mutatis
1212 1337 1374 1403 Bononiae.
1392 1375 1435 1386 -

182 1450 378 1518 danmatio
399 1451 560 1518 locationis
583 1450 742 1536 rsobgalis
757 1450 832 1516 Vini
854 1453 885 1516 et
898 1450 1117 1517 'thesaurariae
1139 1451 1276 1518 eiusdem
1291 1453 1435 1520 civitatis.

183 1603 227 1615 -
250 1565 387 1654 (Absque
409 1565 504 1653 data).

271 1799 408 1866 Provisio
438 1799 582 1866 ecclesiae
604 1799 789 1866 Faventime
817 1818 873 1884 pro
901 1799 1062 1886 Rodulpho
1085 1801 1123 1866 de
1145 1801 1211 1867 Piis
1234 1799 1380 1886 Oarpeusi
1401 1803 1435 1869 in

183 1914 361 1982 consistorio
385 1917 507 1993 secreto,
530 1933 566 1981 ac
588 1915 718 1981 facultas
741 1914 841 1981 eidem
863 1915 935 1980 data
957 1915 1108 1982 retinendi
1124 1937 1318 2003 quaecunque
1339 1919 1433 1984 bene·

184 2030 252 2096 ficia
274 2029 479 2098 ecclesiastica
509 2019 585 2114 quae
616 2029 774 2098 obtinebat
796 2031 851 2096 etc.
897 2030 957 2097 Die
979 2030 1042 2097 xiii.
1065 2029 1250 2099 Novembris
1281 2032 1434 2100 mdxxviii.

646 2395 648 2402 y
776 2291 848 2359 195.

643 2459 817 2530 Magistro
841 2457 973 2520 Rhoda

270 2609 348 2678 (turn
365 2611 413 2698 (ut
427 2610 580 2678 deuotioni
595 2611 666 2676 tuae
689 2611 796 2678 uotum
811 2609 872 2696 est)
888 2611 988 2677 tribus
1011 2611 1073 2677 fere
1088 2613 1127 2676 ab
1145 2611 1218 2678 hinc
1232 2613 1330 2692 annis,
1353 2613 1436 2678 certa

182 2727 270 2794 uobis
294 2747 363 2812 spes
385 2747 422 2794 ex
437 2725 563 2793 orientis
586 2725 725 2811 partibus
741 2726 881 2793 subisset
903 2727 1010 2812 magui
1032 2727 1185 2794 commodi
1207 2729 1297 2812 atque
1311 2728 1436 2794 honoris

182 2843 366 2910 christianae
395 2841 578 2926 reipublicae
600 2862 635 2908 ao
657 2844 759 2910 restro
781 2842 921 2927 precipue
944 2841 1043 2909 ordini
1073 2842 1277 2927 comparandi,
1306 2843 1437 2910 libenter

181 2959 269 3026 illam
292 2958 424 3045 amplexi
439 2959 523 3024 volut
545 2977 693 3043 maguum
716 2959 853 3025 solamen
875 2959 922 3024 tot
944 2958 1165 3039 calamitatum,
1188 2977 1265 3043 quae
1280 2959 1436 3025 innostra

181 3075 318 3159 tempore
340 3073 539 3154 incurrerunt,
562 3073 784 3141 destinavimus
807 3074 882 3140 illuc
904 3073 957 3140 dil.
972 3073 1015 3140 fil.
1038 3073 1165 3139 fratrem
1181 3073 1350 3141 Antonium
1372 3074 1435 3138 Bo-

182 3189 272 3272 sium,
295 3189 433 3275 quicum
455 3209 490 3256 eo
507 3190 648 3270 venisset,
672 3189 799 3256 effendit
822 3208 909 3274 spem
923 3190 1013 3256 illam
1036 3190 1133 3256 multo
1156 3190 1252 3256 etium
1266 3188 1436 3256 uberiorem

182 3325 275 3391 quarn
298 3307 388 3373 autea
403 3325 622 3390 acceperamus.
667 3306 775 3390 ltaque
791 3306 933 3373 omnibus
957 3307 1047 3372 rebus
1062 3303 1226 3389 diligenter
1241 3305 1436 3388 investigatis

182 3423 273 3507 atque
302 3421 478 3506 perspectis,
508 3421 679 3506 animisque
702 3440 814 3501 eorum,
845 3440 973 3505 quorum
996 3422 1120 3506 egregia
1149 3439 1239 3506 opera
1260 3422 1294 3486 in
1316 3439 1351 3487 ea
1375 3437 1438 3486 sm

183 3537 372 3624 expeditione
393 3537 441 3604 uti
462 3537 660 3616 intendimus,
685 3555 737 3620 spe
752 3536 1084 3621 pollicitationibusque
1107 3537 1304 3616 confirmatis,
1328 3535 1366 3602 ad
1381 3555 1437 3602 uos

183 3653 331 3739 superiori
354 3672 434 3721 anno
457 3671 604 3732 reversus,
634 3653 741 3719 retulit
768 3652 847 3719 illud
869 3653 1016 3718 orieutale
1044 3653 1203 3737 negocium
1234 3645 1349 3737 o‘ptimo
1371 3653 1437 3718 loco
1549 3727 1560 3748 ο

182 3788 257 3851 esse,
280 3769 309 3836 si
330 3770 395 3836 eius
417 3769 567 3854 expeditio
591 3770 803 3835 maturaretur.
850 3767 910 3835 Sed
931 3769 1041 3834 iserat
1062 3769 1130 3834 tum
1146 3770 1245 3834 status
1268 3769 1372 3834 noster
1394 3769 1437 3847 ut,

182 3904 296 3972 magna
319 3903 354 3952 11
376 3885 547 3953 miserabili
562 3885 650 3950 ruina
665 3885 810 3968 oppressi,
827 3883 945 3950 nullam
968 3883 1055 3950 robis
1077 3903 1166 3969 opem
1180 3884 1315 3968 prestare
1330 3901 1437 3968 posse-

181 4022 261 4083 mus,
283 4021 380 4088 neque
402 4001 500 4068 ullam
528 4001 609 4068 iuter
631 4001 678 4067 tot
707 4001 828 4067 nostras
851 4019 887 4066 uc
911 3999 999 4066 Sedis
1022 4000 1207 4084 apostolieae
1236 3999 1438 4079 calamitates,

182 4119 354 4203 granorum
376 4118 526 4184 moturum
549 4115 718 4197 sensimus,
747 4135 841 4201 quam
863 4116 944 4201 quod
973 4115 1116 4188 omnibus
1145 4116 1276 4184 lorbrnis
1306 4116 1438 4202 spoliati

183 4234 249 4300 eius
272 4233 472 4318 expeditionis
494 4235 568 4300 tuuc
590 4233 705 4300 uostris
724 4233 832 4318 opibus
855 4231 1043 4300 adiuvandae
1065 4232 1253 4300 occasionem
1269 4231 1438 4299 necessario

184 4349 454 4433 praetermisimus.
497 4347 561 4415 Sed
582 4349 688 4416 tamen
711 4367 781 4415 oum
802 4367 851 4415 res
873 4349 942 4433 ipsa
964 4347 1149 4416 christianae
1163 4347 1346 4433 reipublicae
1369 4365 1438 4412 ma·

182 4467 263 4532 rime
280 4466 424 4532 salutaris
439 4466 471 4532 et
486 4464 525 4531 ad
540 4464 774 4534 instaurandam
789 4466 905 4533 ordinis
922 4465 1024 4546 vestri,
1047 4485 1138 4550 quem
1154 4463 1305 4551 singulari
1319 4481 1439 4546 semper

237 4592 339 4638 maeu-
353 4591 461 4629 maura
475 4591 522 4630 rrr.
1239 4577 1275 4642 17
