3346 5084
679 391 833 460 -457
881 425 924 441 -

174 613 229 660 nec
251 612 311 660 non
334 592 572 658 instrumentum
596 608 667 655 suae
689 587 909 672 procurationis
925 586 1002 674 alias
1025 583 1195 670 productas,
1218 601 1348 651 necnon
1364 583 1425 650 alia

173 711 242 776 acta
271 707 351 774 lacta
379 708 411 773 et
439 707 566 774 acbtata
595 724 697 771 coram
720 704 747 770 d.
771 724 798 770 u.
821 703 855 769 in
877 703 1012 788 presenti
1042 721 1141 782 causa,
1171 720 1232 767 non
1261 700 1424 768 recedendo

174 827 277 892 tamen
306 825 344 891 ab
367 824 428 889 alia
457 821 651 907 productione
674 822 705 887 et
734 819 950 904 competitione
980 838 1033 903 per
1062 821 1163 903 ipsum
1191 819 1269 884 alies
1291 818 1373 883 facta
1395 818 1426 883 ct

173 941 262 1026 petiit
284 959 319 1007 ac
342 939 463 1006 insistit
484 939 550 1005 fieri
572 939 603 1004 et
625 937 730 1022 exequi
752 937 842 1022 prout
862 937 896 1002 in
919 935 1009 1002 dictis
1031 936 1131 1002 literis
1154 937 1185 1002 et
1206 936 1290 1001 iuxta
1312 955 1422 1002 earun-

173 1056 243 1122 dem
267 1058 402 1123 tenorem
425 1056 456 1120 et
478 1054 697 1121 continentiam
726 1053 846 1137 procedi
869 1055 900 1121 et
922 1052 1077 1120 observari
1105 1053 1189 1118 iuxta
1212 1053 1290 1117 alias
1320 1051 1424 1135 petita,

174 1173 205 1238 et
227 1171 336 1238 instita
358 1172 535 1255 peripsum
558 1170 639 1237 dicto
661 1171 792 1237 nomine.
839 1169 987 1236 Necnon
1016 1169 1138 1235 instetit
1159 1188 1213 1254 per
1235 1169 1263 1236 d.
1287 1190 1316 1235 n.
1340 1188 1423 1235 com·

175 1287 260 1355 mitti
282 1287 389 1354 debere
412 1287 517 1353 literas
540 1287 697 1353 citatorias
727 1305 780 1371 per
802 1287 937 1353 edictum
959 1286 993 1352 in
1014 1285 1113 1352 forma
1135 1286 1166 1352 et
1188 1287 1293 1352 contra
1315 1285 1346 1351 et
1368 1285 1424 1351 ad·

174 1421 279 1470 versus
300 1403 453 1488 prelatum
474 1402 520 1468 ill.
544 1402 572 1469 d.
595 1402 622 1468 d.
640 1402 838 1487 Alphonsum
862 1421 894 1468 se
916 1421 970 1487 pro
993 1401 1068 1468 duce
1090 1403 1246 1468 Ferrariae
1268 1403 1424 1488 gerentem

174 1538 228 1604 pro
251 1519 299 1586 die
321 1519 409 1586 Jovis
431 1519 565 1604 proxime
588 1518 690 1584 lutura
712 1537 790 1603 quae
812 1519 871 1585 erit
886 1519 935 1584 die
949 1538 1015 1584 xxv.
1030 1518 1176 1584 instantis
1199 1517 1238 1584 ad
1260 1519 1424 1584 uidendum

174 1637 268 1702 testes
291 1656 344 1720 per
365 1635 517 1720 prelatum
540 1656 563 1701 r.
587 1634 615 1701 d.
639 1635 860 1719 procuratorem
890 1633 1085 1700 inducentem
1108 1634 1142 1699 in
1171 1635 1305 1718 presenti
1333 1653 1424 1700 cansa

173 1750 268 1817 iurari
281 1752 312 1818 et
327 1751 494 1818 examinari
510 1770 599 1836 super
613 1750 711 1835 ipsius
721 1750 863 1837 capitulis
879 1749 1078 1835 producendis
1094 1750 1179 1815 omni
1194 1750 1315 1817 meliori
1325 1749 1424 1816 modo.

263 1865 322 1948 Qui
338 1867 519 1952 magnificus
534 1867 563 1932 d.
578 1868 714 1951 potestas
729 1867 760 1932 et
776 1867 914 1933 executor
929 1865 1101 1932 antedictus
1116 1865 1169 1931 ubi
1185 1885 1277 1950 supra
1291 1865 1424 1932 existens

172 1984 204 2050 et
219 1985 326 2051 sedens
341 1983 459 2068 prelata
480 1982 608 2048 admisit
631 1983 657 2049 si
671 1985 703 2048 et
717 1982 750 2048 in
766 1983 913 2067 quantum
929 1983 1100 2066 obtulitque
1123 2001 1156 2048 se
1171 1981 1312 2066 paratum
1327 1981 1424 2048 lacere

171 2100 257 2166 iuxta
279 2099 465 2185 profetarum
487 2099 646 2166 literarum
667 2098 874 2182 imperialium
896 2099 1033 2165 tenorem
1056 2099 1086 2165 et
1109 2097 1336 2164 continentiam.
1359 2095 1425 2162 Nec

172 2233 234 2282 non
256 2214 353 2282 dictes
374 2215 481 2281 literas
496 2214 652 2280 citatorias
674 2213 758 2280 imta
776 2214 873 2298 petita
895 2212 1051 2281 commisit
1073 2212 1242 2306 affigendes
1265 2212 1304 2278 ad
1319 2212 1424 2279 ualuas

172 2329 315 2398 ecclesiae
338 2330 530 2410 cathedralis,
552 2348 608 2396 nec
630 2347 691 2396 non
713 2329 753 2395 ad
775 2329 932 2396 columnas
961 2330 1071 2415 palatii
1100 2329 1239 2397 comunis
1262 2330 1425 2396 Ravennae
1505 2399 1509 2414 s

173 2447 286 2513 tenoris
308 2445 496 2531 infrascripti
517 2447 573 2513 etc.

261 2679 386 2746 Eisdem
415 2696 494 2746 anno
522 2677 688 2746 indictione
715 2679 851 2763 tempore
879 2677 1091 2764 pontiphicatu
1118 2677 1167 2744 die
1190 2675 1266 2742 xxiv.
1289 2675 1424 2761 Augusti

172 2795 210 2861 de
232 2813 329 2862 mane.

262 2910 369 2977 Coram
401 2908 562 2994 magnifico
592 2909 620 2976 d.
643 2910 792 2994 potestate
814 2911 976 2977 &vennae
1006 2909 1216 2977 commissario
1246 2910 1278 2974 et
1300 2907 1422 2974 sedente

171 3045 225 3111 pro
248 3024 396 3092 tribunali
416 3024 449 3090 in
472 3025 598 3091 ecelesia
620 3025 787 3092 cathedrali
809 3027 841 3092 et
862 3026 928 3093 loco
943 3025 1087 3110 deputato
1109 3025 1140 3090 et
1162 3024 1257 3090 electo
1275 3043 1328 3108 per
1350 3043 1420 3107 pre·

172 3142 270 3208 latum
292 3140 491 3226 magnificum
513 3140 541 3207 d.
564 3141 808 3209 commissarium
832 3144 887 3209 etc.

261 3254 438 3340 Comparnit
461 3255 636 3339 spectabilis
659 3258 690 3322 et
704 3259 846 3342 egregius
868 3257 944 3323 iuris
966 3257 1082 3342 peritus
1105 3255 1134 3322 d.
1150 3255 1296 3323 Nicolaus
1313 3255 1422 3322 Codice

171 3373 247 3438 civis
269 3373 301 3438 et
323 3370 493 3437 causidicus
515 3371 717 3438 Ferrariensis
747 3374 778 3439 et
800 3391 936 3439 camerae
959 3373 1076 3438 ducalis
1100 3372 1236 3438 sindicus
1259 3373 1290 3438 et
1312 3391 1421 3455 procu-

172 3485 262 3568 rator,
289 3506 324 3553 ac
345 3486 521 3571 procurator
542 3486 586 3552 ill.
610 3487 638 3553 d.
661 3486 747 3554 ducis
769 3488 921 3572 Alphonsi
943 3489 1082 3554 Estensis
1106 3487 1191 3554 ducis
1214 3470 1369 3553 Ferrariae
1392 3488 1423 3552 et

171 3605 286 3670 habens
310 3623 328 3668 a
349 3602 466 3686 prefato
488 3602 533 3668 ill.
549 3603 577 3668 d.
593 3601 667 3669 duee
689 3603 729 3669 ad
751 3603 946 3688 infrascripta
968 3605 1098 3688 speciale
1121 3603 1152 3668 et
1167 3604 1307 3688 generale
1330 3623 1420 3669 man·

172 3720 279 3785 datum
300 3719 443 3802 rogatum
466 3736 519 3800 per
547 3719 746 3804 magnificum
770 3717 797 3785 d.
823 3717 987 3804 Opinonom
1010 3738 1112 3786 rerum
1135 3718 1326 3786 celsitudinis
1350 3737 1422 3785 suae

171 3833 366 3901 secretarium
391 3830 572 3916 stipulatum
594 3831 631 3900 de
654 3853 733 3901 anno
756 3836 889 3919 presenti
912 3835 962 3900 die
983 3835 1132 3920 vigesimo
1155 3835 1270 3901 mensis
1287 3834 1423 3919 Augusti

68 3979 84 3988 -
170 3950 202 4016 et
225 3948 306 4015 dicto
328 3946 459 4027 nomine,
490 3950 521 4014 et
543 3949 614 4016 cnm
637 3949 740 4017 omnia
762 3969 816 4035 pro
839 3950 1063 4035 legitimatione
1085 3968 1230 4034 personae
1254 3968 1325 4015 suae
1347 3969 1421 4015 usus

169 4065 229 4130 fuit
243 4064 447 4130 instrumento
470 4063 545 4129 dicti
560 4064 624 4130 aius
648 4064 786 4130 mandati
808 4066 863 4132 eto.
894 4067 1022 4151 Insuper
1044 4067 1110 4149 ipse
1125 4066 1153 4131 d.
1171 4065 1317 4130 Nicolaus
1340 4065 1420 4130 dioto

169 4179 292 4247 nomine
313 4178 478 4245 intellectis
501 4178 684 4263 quibusdem
705 4180 901 4247 citationibus
924 4183 956 4248 et
978 4181 1245 4249 commissionibus
1267 4180 1422 4263 impositis

143 4298 204 4368 ‚ut
226 4295 337 4361 dicitur
359 4314 412 4380 per
434 4293 595 4375 aedictum,
625 4296 656 4360 et
678 4315 865 4381 quocumque
888 4297 949 4364 clio
972 4298 1061 4364 modo
1084 4296 1162 4363 dixit
1187 4295 1326 4363 citationi
1349 4315 1420 4379 pre·

167 4411 250 4477 fatae
273 4429 308 4476 cc
330 4409 472 4477 omnibus
495 4409 527 4478 et
549 4410 682 4497 singulis
705 4412 782 4478 actis
798 4414 828 4479 et
851 4412 987 4479 actitatis
1010 4413 1115 4480 contre
1137 4411 1309 4497 praefatum
1331 4411 1375 4476 ill.
1392 4411 1420 4478 d.

168 4526 367 4611 principalem
384 4546 473 4592 suurn
489 4545 550 4593 non
565 4527 734 4594 consentire
749 4529 780 4594 ct
794 4529 996 4612 protestatum
1013 4528 1072 4594 fuit
1086 4529 1123 4594 de
1138 4547 1250 4607 eorum,
1271 4527 1419 4612 petiitque
