3366 5084
726 356 926 423 ..5-

199 557 290 624 solita
311 557 359 623 est
374 558 427 623 aut
441 556 555 622 debuit.
578 556 729 621 Volumus
744 555 847 621 autem
870 555 905 620 ut
923 549 1087 638 antequam
1109 551 1285 620 huiusmodi
1308 553 1450 637 gubernii

199 692 310 740 nemen
339 673 611 742 etauctoritatem
640 691 776 738 exerceas
813 671 850 738 de
879 690 913 736 eo
942 669 1082 750 fideliter,
1111 669 1239 748 fortiter,
1269 670 1449 753 strenueque

198 787 370 868 exercendo,
393 808 427 855 ao
449 791 553 857 nostra
576 791 607 856 et
621 789 713 855 buius
737 787 806 855 sees,
823 785 910 854 Sedis
933 787 1086 872 dignitate
1108 804 1144 852 ac
1158 787 1308 871 potestate
1330 785 1364 851 in
1379 804 1447 851 em-

199 905 289 973 nibus
312 906 506 985 defendenda,
537 905 675 972 debitum
703 906 840 988 praestes
863 904 897 970 in
925 903 1068 970 manibus
1097 902 1210 969 nostris
1233 902 1448 968 iuramentum.

198 1022 244 1087 Te
267 1039 338 1106 ergo
360 1021 468 1088 dilecte
498 1021 544 1088 fili
564 1023 610 1088 ita
632 1040 751 1105 semper
773 1020 813 1086 ad
835 1021 958 1086 altiores
980 1020 1129 1086 virtutum
1152 1017 1265 1103 gradus
1288 1017 1449 1084 ascendere

199 1136 329 1215 studeas,
352 1139 387 1202 ut
409 1139 440 1202 et
461 1133 566 1203 nostra
588 1139 620 1204 et
642 1136 827 1220 reliqueram
850 1135 932 1203 dete
955 1137 1103 1220 augeatur
1125 1135 1235 1220 opinio,
1258 1153 1334 1219 quae
1353 1134 1447 1200 otiam

198 1253 376 1337 ampliorem
398 1253 532 1336 quotidie
547 1255 685 1320 nostram
704 1254 735 1320 et
757 1250 845 1318 Sedis
860 1251 1043 1336 apostolicae
1063 1252 1205 1337 provocet
1218 1250 1447 1317 liberalitatem.

192 1368 313 1434 Datum
335 1369 450 1436 Romae
473 1369 522 1436 die
544 1389 610 1437 ιιι.
634 1369 793 1436 Februarii
814 1367 944 1435 mdrriv.
990 1366 1079 1436 Anno
1101 1367 1210 1451 primo.

808 1565 837 1632 5.

285 1708 450 1776 Carissimo
471 1709 505 1776 in
528 1707 649 1774 Christe
673 1705 885 1794 fflinester1).
926 1707 1021 1772 Decet
1042 1725 1098 1772 nos
1121 1705 1199 1772 dono
1220 1703 1279 1771 Dei
1301 1703 1448 1770 altissimi

195 1825 228 1891 in
251 1843 286 1891 ea
300 1825 416 1909 positos
433 1827 555 1910 specula
576 1825 656 1891 unde
679 1823 816 1891 emnium
839 1843 874 1889 ac
888 1822 1050 1907 presertim
1065 1841 1169 1888 eorum
1191 1821 1244 1905 qui
1258 1819 1447 1905 principatus

195 1941 227 2007 et
255 1941 383 2024 imperia
406 1959 425 2006 a
446 1941 510 2007 Deo
534 1941 661 2025 Optime
684 1939 818 2006 Maximo
848 1939 1052 2020 obtinuerunt,
1075 1940 1166 2022 longe
1192 1939 1224 2004 et
1244 1937 1307 2004 late
1336 1935 1447 2002 merita

194 2057 362 2142 prospicere
385 2057 551 2142 possimus:
574 2057 619 2122 ita
641 2056 906 2123 benemerentibus
920 2055 1032 2121 habere
1053 2055 1228 2140 promptam
1246 2053 1388 2139 gratiam,
1411 2053 1448 2117 ut

195 2174 257 2240 sire
280 2175 385 2240 nostra
412 2174 454 2240 sit
475 2173 628 2253 iudicatio,
659 2173 786 2258 quidet
815 2173 965 2257 quantum
994 2171 1155 2258 unicuique
1184 2169 1381 2238 tribuendum
1404 2169 1446 2236 sit

193 2292 225 2356 et
246 2291 280 2358 in
293 2291 454 2358 iudicando
478 2292 575 2357 simus
591 2292 622 2357 et
637 2291 671 2357 in
685 2289 905 2357 remunerando
920 2289 1078 2366 liberales;
1102 2289 1165 2356 siue
1180 2287 1445 2372 praedecessorum

192 2407 366 2472 nostrornm
384 2424 578 2473 romanorum
593 2406 772 2491 pontificum
795 2405 828 2471 id
849 2405 910 2471 fruit
925 2405 1094 2485 arbitrium,
1118 2423 1194 2492 quae
1216 2405 1255 2470 ab
1276 2403 1342 2468 illis
1364 2401 1445 2468 recte

192 2521 336 2588 instituta
357 2522 487 2602 memmi,
511 2541 566 2590 nos
590 2542 707 2607 quoque
729 2522 935 2588 libentissimo
958 2521 1060 2588 animo
1083 2521 1321 2606 comprobemus.
1366 2515 1444 2582 bum

192 2637 287 2722 igitur
308 2639 343 2704 tu
371 2637 419 2703 fili
443 2639 547 2704 noster
575 2637 732 2704 carissme
765 2637 895 2704 Henrioe
923 2655 986 2704 non
1007 2655 1066 2703 uno
1090 2637 1144 2702 aut
1172 2636 1268 2701 altero
1290 2634 1443 2719 praeclare

192 2753 280 2833 iacto,
303 2753 356 2820 sed
379 2756 522 2839 perpetuo
544 2754 688 2820 instituto
710 2754 792 2820 vitae
815 2755 885 2820 tuae
899 2753 982 2839 regis
1004 2752 1133 2819 maximi
1153 2752 1301 2818 vitutem
1322 2750 1367 2816 ita
1381 2768 1441 2815 un·

192 2868 281 2952 dique
296 2869 462 2954 perfectam
484 2871 516 2936 et
538 2869 711 2936 absolutam
725 2869 924 2953 praestiteris,
947 2871 982 2935 ut
997 2871 1028 2935 et
1043 2888 1130 2934 arma
1148 2867 1258 2954 quibua
1273 2865 1441 2951 plurimum

191 2984 274 3050 vales
296 2986 327 3051 at
350 2985 520 3052 doctrinam
543 3004 578 3051 ae
601 2985 784 3068 sapientiam
806 3004 842 3051 ox
865 3005 925 3070 qua
948 3003 1102 3051 summam
1115 2983 1239 3051 laudem
1262 3002 1294 3049 es
1313 2980 1441 3065 adeptus

190 3100 230 3166 ad
251 3101 351 3167 Deum
372 3102 405 3166 et
425 3101 485 3167 Dei
513 3101 694 3186 religionem
720 3100 943 3169 defendendam
966 3120 1085 3187 semper
1107 3099 1280 3179 contuleris,
1310 3097 1441 3191 fideique

190 3215 313 3282 sanetae
333 3215 428 3282 etiam
449 3217 527 3283 libro
551 3217 695 3283 adversus
718 3218 846 3284 Lutheri
867 3217 1000 3285 heresim
1022 3219 1102 3284 mira
1125 3216 1293 3284 eruditione
1316 3233 1351 3281 ae
1374 3214 1438 3279 elo-

189 3331 312 3415 quentia
333 3332 415 3399 edito
438 3333 574 3400 eniteris
597 3332 737 3400 defensor
759 3352 795 3400 ac
816 3354 893 3417 pene
914 3337 1069 3419 patronus,
1099 3333 1136 3401 le.
1152 3353 1193 3400 re.
1209 3333 1269 3400 Iao
1285 3331 1323 3398 X
1348 3349 1437 3414 prae·

189 3445 326 3513 decessor
347 3450 379 3514 et
400 3449 495 3514 baton
515 3449 663 3532 patruelis
685 3451 789 3515 noster
811 3449 848 3516 de
863 3449 1084 3518 venerabilium
1104 3450 1235 3515 fratnrm
1251 3465 1383 3526 suorum,
1405 3446 1440 3512 in

188 3582 316 3646 quorum
337 3583 463 3632 numero
478 3565 552 3630 tune
567 3583 696 3646 eramus,
721 3565 882 3647 sententia,
904 3568 936 3634 te
951 3565 990 3632 ad
1006 3567 1105 3633 cetera
1125 3567 1179 3632 tua
1201 3563 1326 3633 nomina
1347 3581 1437 3648 regu-

187 3677 230 3744 lia
252 3679 343 3762 atque
372 3679 484 3763 ampla,
507 3679 579 3746 fidei
602 3680 791 3748 defensorem
813 3683 910 3749 veluit
938 3683 1100 3768 appellari3
1130 3684 1220 3768 atque
1242 3681 1299 3748 hoe
1328 3678 1438 3747 eximio

186 3794 277 3860 titulo
298 3812 361 3861 non
381 3796 448 3862 tam
470 3815 506 3862 er
528 3796 617 3863 mode
640 3798 800 3864 hominum
831 3818 924 3882 quam
946 3819 982 3867 er
1004 3800 1110 3867 celesti
1131 3797 1358 3868 aemendatione
1381 3795 1436 3862 de·

185 3911 326 3994 prompto
341 3911 536 3978 serenitatem
551 3913 638 3978 tuam
652 3913 829 3998 insignivit3
853 3916 933 3998 quod
946 3935 1001 3983 nos
1017 3917 1055 3984 ab
1070 3917 1124 3982 illo
1138 3915 1254 3984 facum
1266 3912 1436 3981 iustissime

185 4025 217 4091 et
239 4025 465 4110 sapientissime
495 4027 698 4112 agnoscimus,
729 4048 798 4096 enm
821 4030 905 4098 enim
927 4033 1014 4098 tuam
1037 4035 1069 4099 et
1089 4033 1124 4099 in
1153 4029 1292 4118 regendis
1315 4027 1436 4115 populis

277 4221 296 4284 Ι)
314 4225 386 4274 Deest
402 4225 497 4291 titulun
517 4227 557 4276 red
576 4227 637 4276 dare
654 4228 729 4286 liquet
741 4228 800 4278 bane
817 4230 941 4290 epistolam
958 4230 1058 4281 Hsnrieo
1072 4233 1124 4280 llll
1142 4233 1238 4290 incline
1256 4233 1304 4290 recl
1322 4231 1433 4291 mriptom

182 4335 241 4383 aere,
259 4325 300 4382 qni
318 4335 345 4372 ee
363 4325 467 4384 ternpore
486 4337 511 4373 se
529 4325 705 4374 devotissimum
718 4329 860 4388 apostolieae
872 4327 926 4378 Sodi
942 4331 1069 4390 praebebat
1085 4332 1239 4392 paratumque
1255 4331 1285 4380 ad
1301 4330 1381 4378 omnia
1392 4341 1435 4390 pro

182 4421 298 4470 catholiea
316 4421 429 4480 religione
446 4423 544 4473 tuenda.
580 4424 691 4474 Attamen
713 4427 741 4474 ut
764 4429 861 4478 eventus
888 4429 997 4489 probarit
1021 4432 1096 4487 magis
1121 4431 1198 4479 vorbis
1223 4441 1293 4488 quam
1317 4428 1432 4490 operibus,

180 4521 256 4580 rums
273 4521 469 4584 promissionibus
487 4534 556 4581 quam
576 4525 675 4586 pecunia
691 4525 766 4588 ipsius
783 4525 884 4592 devotio,
903 4541 945 4578 aaa
963 4529 1058 4578 omnino
1076 4529 1173 4590 sineere,
1192 4525 1395 4578 mudesuuaur.
