3366 5084
768 321 989 384 -56,.

253 513 525 596 necessitatemque
547 515 748 597 cognosceret,
779 515 846 580 tum
868 515 903 580 ut
925 516 1014 581 nobis
1037 534 1153 600 qaoque
1175 516 1214 582 ad
1237 519 1451 586 tractationem
1473 521 1506 587 et

253 629 470 696 confectionem
500 629 584 712 pacis
614 630 795 696 universalis
824 631 909 696 omni
939 649 993 696 sna
1023 649 1078 715 ope
1101 634 1131 697 et
1154 634 1334 700 auctoritate
1362 635 1505 702 assistere

252 747 407 812 niteretur.
445 744 516 811 Non
539 745 587 810 est
608 745 671 810 iem
687 746 808 829 tempus
831 747 963 830 amplius
986 747 1242 830 procrastinandi;
1266 750 1306 815 ad
1328 771 1505 835 supremum

252 863 431 947 perventum
454 864 517 937 est;
541 863 595 928 aut
608 861 691 926 enim
707 861 813 927 Turcis
830 863 955 946 sanguis
974 862 1100 942 dendus,
1123 865 1267 932 erithace
1289 865 1411 932 funmta
1425 867 1506 932 inter

252 978 435 1043 christianos
451 996 537 1042 arma
552 976 705 1060 ponenda:
727 977 761 1042 in
784 977 894 1060 quibus
913 979 966 1061 qui
988 977 1119 1044 nimium
1135 980 1288 1046 obstinate
1311 981 1417 1047 volunt
1432 1002 1502 1065 per-

254 1112 397 1171 severare,
427 1111 535 1176 parum
564 1092 737 1176 intelligere
767 1093 908 1158 videnhu
930 1092 1003 1176 quid
1026 1095 1079 1158 aut
1109 1095 1294 1162 christianae
1324 1097 1506 1182 reipublicae

252 1209 328 1275 utile
352 1209 401 1287 sit,
431 1211 485 1272 aut
506 1209 583 1292 ipsis
605 1208 812 1275 honorificum.
859 1207 919 1275 Sed
942 1228 1000 1293 qno
1023 1209 1114 1275 istius
1143 1210 1253 1296 inclyti
1282 1211 1412 1279 dominii
1433 1232 1505 1296 pro·

252 1325 322 1409 pius
345 1324 480 1408 exposita
503 1323 551 1389 est
565 1323 733 1390 Turaamm
754 1323 897 1408 periculis
912 1325 1035 1409 imperii
1056 1325 1141 1405 ditio,
1165 1327 1221 1392 hoc
1243 1328 1345 1412 magis
1368 1328 1510 1396 convenit

253 1440 446 1515 nobilitatem
468 1442 555 1505 tuam
577 1439 609 1506 et
623 1441 737 1506 ceteros
761 1442 813 1525 qui
831 1441 1010 1507 auctoritate
1032 1441 1155 1525 publica
1177 1443 1347 1527 funguntur
1368 1445 1506 1511 laborare

253 1561 284 1622 et
306 1575 429 1641 operam
445 1555 517 1622 dare
539 1558 574 1621 ut
589 1555 812 1640 componendae
833 1557 917 1641 pacis
933 1557 1041 1623 modus
1056 1557 1168 1642 aliquia
1190 1559 1365 1642 reperiatur.
1395 1559 1509 1627 Noster

254 1691 392 1739 summus
415 1675 447 1741 ct
470 1671 636 1758 singularis
659 1691 744 1738 amor
766 1672 799 1738 in
822 1673 917 1739 istam
939 1673 1088 1739 excelsam
1104 1674 1324 1757 rempublicam
1347 1694 1403 1741 nos
1426 1677 1509 1761 cogit

254 1790 288 1855 ut
309 1788 346 1854 de
369 1789 455 1854 vobis
477 1807 539 1854 non
568 1787 671 1854 minus
705 1807 780 1872 pene
809 1807 898 1854 curae
927 1807 1018 1873 quam
1042 1788 1189 1854 danobis
1218 1789 1295 1874 ipsis
1318 1792 1350 1856 et
1371 1791 1409 1858 da
1433 1789 1509 1858 Sede

253 1904 418 1988 apostolica
447 1904 619 1988 capiamus3
656 1904 758 1970 vestra
787 1907 889 1970 autem
922 1904 1018 1972 virtus
1047 1906 1079 1970 et
1108 1903 1270 1988 pmdcntia
1298 1907 1435 1990 postulat
1463 1909 1508 1972 ut

253 2020 368 2105 agnitis
384 2021 415 2086 et
430 2020 500 2085 ante
516 2018 618 2085 oeulos
633 2019 743 2103 positis
766 2040 842 2104 quae
864 2021 896 2086 et
911 2020 1112 2086 communiter
1135 2020 1356 2086 christianitati
1371 2023 1402 2087 et
1421 2021 1509 2088 nobie

256 2135 374 2220 proprie
396 2134 561 2201 imminent
582 2135 734 2222 periculis,
764 2136 865 2219 agatis
888 2155 958 2201 cnm
988 2135 1096 2202 amicis
1119 2137 1151 2202 et
1173 2135 1316 2203 federatis
1341 2137 1450 2203 vestris
1473 2140 1509 2203 ut

258 2250 420 2335 aliquando
442 2249 558 2316 intuitu
573 2251 791 2335 omnipotentis
806 2250 865 2316 Dei
887 2253 918 2318 et
933 2252 1103 2317 communis
1128 2252 1246 2331 salutis,
1269 2252 1303 2316 in
1325 2271 1384 2336 qua
1406 2271 1510 2318 eorum

257 2385 374 2451 quoqne
397 2366 481 2431 salus
504 2367 683 2446 continetur,
706 2386 798 2432 cansa
820 2368 917 2433 velint
945 2366 1104 2433 deflectere
1125 2367 1165 2432 ed
1187 2368 1301 2434 bonum
1324 2367 1508 2436 christianae

258 2482 459 2566 reipublicae·
465 2483 602 2549 conversi
617 2482 656 2547 ad
671 2483 866 2567 aequitatem,
882 2483 1103 2567 inutilibusque
1118 2482 1363 2550 contentionibus
1379 2483 1512 2563 omissis,

258 2599 290 2662 et
311 2616 418 2682 pacem
441 2599 580 2664 stabilire
602 2598 686 2665 domi
700 2599 731 2664 et
747 2598 786 2664 ad
800 2599 949 2684 gloriosas
972 2599 1042 2664 illas
1065 2618 1100 2664 ao
1118 2600 1289 2682 praeclaras
1305 2599 1513 2665 contentiones

260 2733 292 2779 se
314 2715 495 2792 convertere,
518 2715 628 2798 quibus
650 2734 780 2799 regnum
794 2715 859 2780 illis
882 2714 1056 2798 opulentius
1079 2715 1110 2780 et
1127 2715 1222 2780 verior
1244 2715 1312 2780 laus
1334 2716 1441 2799 parata
1456 2719 1511 2781 est.

260 2827 325 2894 Nec
346 2847 401 2894 nos
425 2830 600 2896 destitimus
623 2830 680 2895 hoc
702 2830 784 2896 idem
808 2830 932 2896 suadere
948 2829 1142 2896 serenissimo
1158 2828 1288 2909 Caesari,
1310 2831 1404 2908 cuius,
1428 2832 1463 2896 ut
1477 2849 1512 2896 en

259 2945 372 3010 litteris
394 2965 459 3011 ven.
483 2947 587 3011 fratris
611 2927 732 3012 Nicolai
754 2946 973 3030 archiepiscopi
994 2944 1130 3029 Capuani
1152 2945 1257 3011 nuncii
1278 2945 1377 3010 nostri
1399 2965 1512 3030 cogno·

262 3062 371 3138 vimus,
387 3081 474 3127 mens
489 3063 521 3127 et
536 3063 677 3128 voluntas
699 3083 754 3146 pro
769 3061 1025 3129 christianissimo
1040 3061 1143 3126 animo
1157 3060 1256 3144 ipsius
1271 3063 1303 3126 et
1317 3061 1404 3126 nohis
1419 3062 1513 3128 hene·

261 3178 329 3244 vola
344 3176 491 3261 religione
506 3177 537 3242 et
552 3178 720 3261 pmdentia,
744 3179 783 3243 ad
797 3197 904 3262 paoem
917 3178 1065 3243 inclinata
1080 3178 1142 3256 est3
1158 3179 1189 3241 et
1204 3175 1284 3259 apud
1299 3177 1514 3242 charissimum

259 3293 301 3358 iil.
324 3310 428 3376 regem
442 3293 573 3378 Angliae
596 3293 776 3372 institimus,
799 3312 927 3377 quornm
943 3293 1123 3372 voluntates,
1146 3291 1210 3357 Deo
1233 3309 1310 3376 quae
1333 3293 1414 3356 reeta
1438 3294 1513 3356 aunt

261 3409 437 3493 inspirante,
454 3428 514 3476 non
529 3409 698 3476 diffidimus
722 3410 836 3476 sanctis
852 3411 883 3475 et
906 3408 1091 3474 salutaribus
1109 3407 1246 3473 consiliis
1268 3407 1332 3472 iore
1354 3406 1511 3491 propitiae.

263 3525 382 3591 Interea
404 3527 439 3590 ut
454 3526 600 3592 nobilitas
624 3529 676 3592 tua
698 3547 752 3611 pro
775 3546 830 3591 sua
847 3527 934 3611 parte
957 3527 987 3590 et
1001 3523 1093 3589 istius
1115 3523 1224 3607 inclyti
1246 3521 1376 3588 dominii
1389 3521 1515 3587 nomine

262 3640 365 3706 omnia
381 3644 462 3726 agat,
485 3643 516 3708 et
534 3643 647 3708 efficiat
669 3661 745 3726 quae
767 3641 806 3706 ad
822 3640 1072 3725 compositionem
1087 3639 1258 3704 communis
1272 3638 1357 3721 pacis
1373 3655 1512 3702 accomo-

263 3755 335 3820 data
351 3759 430 3836 sunt,
455 3777 514 3823 non
539 3759 637 3824 solum
652 3758 810 3824 hortamur·
834 3757 1003 3823 sedetiam
1026 3756 1058 3820 in
1072 3753 1132 3823 Dei
1153 3753 1370 3838 omnipotentis
1393 3752 1516 3818 nomine

264 3872 453 3958 iniungimus
476 3877 508 3940 et
529 3893 703 3950 monemus;
727 3874 819 3939 sicuti
833 3873 926 3938 latius
942 3891 1012 3938 cum
1033 3869 1195 3936 nobilitate
1218 3870 1271 3934 tua
1286 3868 1416 3934 dilectus
1431 3867 1516 3934 filius

264 3987 319 4053 Th.
342 3989 456 4055 electus
479 3989 645 4056 Feltrensis
668 3990 796 4056 nuncius
826 3989 928 4054 noster
951 3987 989 4053 de
1010 3987 1061 4052 his
1084 3985 1226 4051 omnibus
1249 3985 1329 4067 aget,
1352 3983 1400 4048 cui
1422 3981 1515 4047 iidem

265 4103 398 4170 habebit.
444 4104 561 4171 Datum
584 4107 699 4172 Romae
714 4105 768 4170 etc.
793 4104 841 4170 die
867 4125 892 4168 v.
916 4101 1057 4170 Januarii
1078 4100 1197 4166 mdxxv.
1235 4100 1323 4165 Anno
1345 4095 1516 4182 secund0.¹)

359 4371 376 4432 Ι)
395 4374 548 4422 Sanchmlm
566 4374 635 4423 halaa
653 4376 786 4435 praeclarae
804 4370 918 4434 epistolae
938 4371 1008 4420 rerba
1025 4372 1050 4418 ln
1067 4371 1152 4418 malam
1170 4371 1261 4430 partem
1274 4379 1349 4427 rema,
1367 4369 1392 4416 et
1403 4369 1517 4428 optimam

265 4472 383 4532 pontificia
412 4473 557 4524 volantatem
586 4474 740 4522 calumniabar
767 4473 806 4521 est
826 4481 947 4519 macarem
975 4469 1055 4516 crater
1087 4468 1150 4529 apud
1176 4466 1343 4528 rempublicam
1370 4465 1517 4514 Venetorum.
