3396 5090
758 289 1004 353 -182-

846 507 919 574 139.

658 672 838 733 cardinali
862 674 908 732 da
930 672 1106 732 Salvlatis

342 826 461 892 Dilecto
483 827 529 892 fili
545 829 656 894 noster.
701 826 857 892 Mittimus
875 827 1138 911 circumspectioni
1160 828 1230 892 tuae
1245 827 1412 920 introclusa
1434 828 1504 892 bre·

255 942 305 1008 via
335 941 572 1026 dispensationis
601 962 693 1027 quam
724 959 818 1010 ser.¹11⁰
848 941 971 1010 Caesari
999 944 1030 1008 et
1059 942 1187 1009 dilootae
1215 943 1250 1009 in
1271 941 1393 1008 tinisto
1423 941 1505 1008 filiae

246 1057 403 1146 isabellae
426 1078 515 1142 super
537 1058 732 1125 matrimonio
753 1058 833 1124 inter
861 1058 944 1142 ipsos
966 1058 1170 1125 eontrahendo
1193 1057 1399 1134 consedissem
1429 1077 1505 1140 quae

255 1172 359 1238 brevia
387 1171 446 1238 duo
470 1176 549 1254 sunt,
573 1175 704 1241 alterum
728 1176 868 1260 generale
891 1193 959 1242 oum
983 1194 1167 1259 quoeunque,
1191 1175 1322 1240 alterum
1345 1173 1505 1256 cumipse

255 1288 387 1353 Isabolla
403 1289 541 1372 speciale,
564 1309 640 1375 quae
657 1294 733 1356 ser.ti
753 1308 824 1356 suae
839 1309 892 1373 per
908 1292 938 1356 te
953 1290 1093 1356 volumus
1116 1289 1207 1369 tradi,
1222 1291 1266 1355 eis
1281 1288 1505 1354 eonditionibus

256 1404 383 1470 servatis
407 1404 443 1471 de
466 1405 576 1489 quibus
600 1407 630 1471 te
652 1423 706 1490 por
728 1406 862 1490 privatas
891 1405 1011 1472 litteras
1034 1406 1147 1472 instrui
1170 1405 1391 1471 mandavimus.
1437 1405 1503 1468 Da-

256 1519 322 1585 tum
346 1518 395 1606 (ut
418 1519 531 1608 supra).

565 1752 879 1838 Arohiepiseopo
902 1753 1196 1820 Cantuuriensi.

343 1865 481 1949 Epistola
495 1869 710 1952 gratulationis
725 1870 756 1934 et
771 1869 948 1935 officiorum.
964 1905 1008 1915 -
1024 1869 1081 1934 Die
1096 1869 1176 1935 xviii.
1188 1867 1371 1935 Novembris
1385 1868 1503 1934 mdllv.

255 1981 344 2047 Anno
367 1981 507 2049 seeundo,

850 2245 921 2310 140.

668 2485 680 2506 ¹
719 2409 807 2470 Ducl
831 2411 1047 2470 Moscovlae.

343 2562 461 2628 Dilecto
484 2563 538 2629 fili.
584 2561 711 2628 Summa
734 2583 804 2630 eum
825 2563 945 2630 laetitia
973 2565 1078 2629 nostra
1100 2563 1271 2648 accepimus
1301 2567 1372 2630 tuae
1393 2563 1506 2630 nobili-

256 2678 331 2745 tatis
352 2679 472 2744 litteras
495 2678 527 2744 et
548 2679 692 2746 nuncium
715 2681 804 2746 tuum
827 2679 1018 2746 Demetrium
1041 2679 1162 2744 Erasmi
1184 2679 1326 2758 vidimus,
1352 2680 1507 2746 hominem

257 2795 398 2860 solertem
414 2795 446 2860 et
459 2795 494 2860 in
515 2795 577 2860 tuis
592 2794 746 2860 mandatis
768 2795 950 2878 exponendis
967 2797 1149 2861 sarmatum.
1195 2793 1279 2874 Quae
1294 2796 1398 2861 tamen
1416 2813 1506 2862 man·

258 2910 329 2976 data
358 2910 461 2976 omnia
490 2909 603 2976 litteris
632 2910 879 2986 continebantun
912 2910 945 2975 in
974 2911 1084 2995 quibus
1118 2910 1253 2976 ostendis
1282 2911 1414 2977 terelle
1441 2929 1508 2977 esse

257 3025 416 3092 nobiseum
447 3027 478 3091 et
506 3045 576 3091 oum
605 3025 676 3091 aliis
707 3025 885 3090 christianis
917 3025 1105 3109 principibus
1134 3025 1279 3092 adversus
1308 3025 1447 3092 infideles
1476 3028 1508 3092 ot

258 3141 373 3207 Christi
401 3141 543 3208 inimioos
572 3141 774 3222 ooniunotum,
804 3159 840 3206 ao
862 3140 957 3207 etiam
986 3159 1041 3206 nos
1070 3141 1203 3207 hortaris
1230 3144 1266 3207 ut
1294 3141 1508 3208 hominemex

257 3257 371 3323 nostris
394 3257 433 3322 ud
455 3257 486 3322 te
508 3257 701 3322 mitteremus
724 3255 777 3341 qui
799 3256 903 3322 omnia
924 3257 1029 3322 nostra
1051 3256 1179 3322 oonsilio
1201 3257 1304 3340 posset
1326 3257 1385 3324 tibi
1408 3257 1506 3342 signi-

258 3373 355 3439 fioaro.
394 3370 481 3452 ouoo
496 3372 623 3438 fooimns
638 3372 851 3452 libentissime,
874 3371 1076 3455 misimusque
1091 3389 1193 3438 vensm
1216 3372 1342 3438 fratrom
1357 3372 1508 3440 Joannem

258 3489 454 3554 Francisoum
482 3487 656 3572 episcopum
687 3485 873 3567 scarensem,
904 3487 1004 3553 virum
1026 3488 1151 3571 plenum
1180 3487 1358 3573 prudentiae
1383 3490 1415 3555 et
1436 3489 1509 3556 boni

258 3604 393 3688 spiritus,
409 3604 495 3669 errius
510 3622 565 3669 nos
580 3621 670 3686 opera
684 3605 717 3668 et
737 3604 889 3670 industria
910 3604 944 3670 in
967 3603 1089 3688 magnis
1104 3605 1194 3670 rebus
1217 3621 1307 3687 saepo
1328 3603 1378 3669 usi
1394 3623 1508 3684 sumus,

258 3721 290 3785 et
311 3738 381 3784 oum
403 3737 461 3804 quo
483 3719 636 3804 loquimur
659 3719 843 3784 eonfidenler
872 3719 975 3785 omnia
997 3719 1124 3786 consilia
1154 3719 1267 3784 nostra.
1313 3717 1395 3784 Nam
1418 3721 1508 3785 antea

257 3835 386 3902 dilectus
408 3834 491 3899 filius
507 3835 621 3900 Paulus
637 3833 778 3900 Centurio
801 3834 877 3900 eivis
892 3832 1062 3900 Genuensis
1084 3853 1145 3901 non
1160 3834 1281 3900 anobis
1297 3834 1412 3900 missus
1431 3835 1505 3912 fuit3

258 3950 311 4016 sed
333 3969 403 4016 oum
425 3951 453 4015 is
476 3949 515 4016 ad
536 3951 623 4016 uam
645 3950 839 4018 nobilitatem
861 3952 900 4017 ob
922 3951 999 4016 alias
1021 3969 1128 4017 causas
1151 3949 1276 4030 veniret
1298 3949 1439 4016 dedimus
1461 3949 1509 4016 illi

257 4066 377 4131 litteras
399 4068 529 4145 nostras,
553 4083 628 4150 quas
650 4066 818 4150 plurimum
848 4065 1017 4150 gaudemus
1039 4065 1098 4132 tibi
1120 4065 1216 4132 luisse
1244 4065 1398 4150 aooeptas3
1427 4065 1443 4130 f
1491 4099 1507 4114 ·

259 4184 331 4247 ruunt
352 4181 436 4246 enim
459 4183 494 4246 ut
515 4182 549 4246 tu
572 4181 729 4247 hominem
751 4182 840 4248 tuum
862 4181 902 4248 ad
923 4198 979 4248 nos
1002 4182 1033 4248 et
1055 4200 1182 4248 munera
1205 4181 1300 4248 etiarn
1322 4180 1412 4247 nobis
1434 4199 1507 4265 gra·

260 4296 383 4362 tissima
404 4296 558 4372 mitteres;
581 4315 642 4362 non
664 4297 744 4381 quod
766 4297 901 4363 multum
922 4314 1062 4362 curemus
1079 4315 1214 4378 munera,
1238 4295 1291 4363 sod
1312 4297 1399 4362 tuam
1420 4295 1509 4361 illum

261 4412 425 4497 benignam
455 4412 486 4476 et
515 4412 681 4479 humanam
705 4414 894 4479 voluntatem
923 4432 995 4497 erga
1024 4431 1080 4479 nos
1110 4431 1201 4498 supra
1229 4411 1332 4479 omnia
1360 4413 1510 4478 habemus
