3400 5088
783 323 829 336 -
875 289 939 358 146
984 324 1029 335 -

277 483 360 550 Deus
383 483 508 563 dederit,
531 484 616 551 omni
630 487 756 569 paterno
779 503 882 552 amere
904 504 940 552 ac
958 485 1059 552 studio
1082 486 1167 552 omni
1189 485 1261 552 boni
1283 487 1436 571 pontificis
1458 507 1530 554 cura

276 604 307 667 et
329 601 491 686 diligente
513 601 571 666 tibi
594 603 624 667 st
640 620 734 686 regne
756 602 787 666 et
809 602 900 668 rebus
915 601 978 667 tuis
1001 601 1152 683 omuibus,
1176 621 1247 669 eum
1261 603 1295 670 in
1317 603 1444 670 enebris
1462 606 1529 670 tum

273 717 307 783 in
329 717 369 783 iis
398 737 475 803 quac
497 717 537 783 ad
565 719 665 784 Deum
688 720 719 783 et
748 717 840 784 fidem
870 719 985 784 rectam
1008 719 1170 803 pertinent
1193 720 1279 787 nulle
1301 721 1366 788 lece
1396 720 1529 787 dehhri

274 852 389 900 sumus.
434 834 551 899 Datum
573 835 689 901 Romae
711 835 766 901 ete.
789 833 839 900 die
861 853 907 900 xx.
930 833 1007 900 Maii
1030 835 1148 902 mdxxv.
1194 835 1283 903 hune
1307 837 1445 904 secundo.

866 1097 939 1163 107.

674 1261 906 1322 parlamento
929 1261 1129 1322 Parlslensl.

213 1473 218 1484 .
360 1416 473 1482 Dilecti
495 1415 561 1482 lilii.
606 1415 650 1480 Er
672 1415 785 1482 litteris
808 1415 860 1482 dil.
876 1415 909 1482 in
931 1414 1053 1482 christo
1075 1415 1157 1481 filiae
1179 1415 1291 1482 nobilis
1305 1416 1444 1484 mulieris
1459 1418 1521 1484 Lu-

189 1553 204 1574 ·
270 1533 392 1600 devieae
414 1532 564 1598 Dominae
586 1532 830 1617 Engolismcnsis
859 1531 951 1598 istius
974 1532 1062 1616 regni
1083 1532 1191 1618 inclyti
1219 1533 1441 1617 gubernatricis
1470 1534 1520 1599 in·

269 1650 441 1715 tellerimus
471 1649 505 1715 et
526 1667 561 1714 ea
590 1667 668 1733 quae
696 1649 758 1714 mm
788 1667 842 1732 per
865 1645 1000 1712 Galliam
1030 1667 1148 1732 serpere
1177 1647 1329 1732 incipiunt
1355 1649 1521 1733 impiarum

267 1765 409 1832 heresum
438 1765 521 1829 mala
543 1767 574 1829 ct
604 1765 737 1830 vestram
761 1762 800 1827 ad
822 1763 854 1827 id
876 1762 1000 1846 previde
1023 1764 1054 1828 et
1084 1763 1236 1848 sapienter
1258 1765 1380 1849 captam
1403 1765 1519 1832 delibo·

266 1881 417 1947 rationem
438 1882 474 1946 ut
496 1880 614 1963 aliquos
637 1897 655 1944 a
678 1879 764 1945 vebis
787 1878 919 1944 delectos
948 1879 1088 1945 hominos
1111 1879 1319 1964 approharetis
1350 1901 1425 1965 quoa
1448 1881 1520 1948 huic

265 1998 352 2064 tante
374 1998 406 2062 ct
427 1997 493 2062 tam
516 1994 685 2062 necessario
707 1994 827 2060 muneri
850 1993 1042 2078 proficeretis,
1065 1995 1118 2080 qui
1140 2015 1244 2062 curam
1265 2015 1301 2062 ac
1324 1997 1519 2082 diligentiam

265 2113 453 2191 adhiberent
482 2131 541 2196 que
562 2111 684 2195 integra
713 2112 744 2176 et
772 2110 921 2175 inviolata
944 2108 1059 2176 Christi
1088 2111 1147 2178 fide
1177 2131 1212 2178 ae
1241 2114 1342 2179 vetere
1371 2113 1517 2198 religione

263 2231 448 2307 conservata,
477 2229 530 2311 qui
551 2247 620 2294 eam
651 2227 861 2312 oppugnarent
889 2229 943 2292 aut
971 2227 1154 2293 labefactare
1176 2231 1356 2298 conarentur
1381 2230 1419 2296 ab
1442 2231 1515 2296 ovili

264 2346 379 2414 Christi
401 2347 580 2412 arcerentur.
633 2341 715 2422 Ques
737 2342 877 2409 hemines
900 2362 918 2407 a
941 2344 1027 2409 vebis
1050 2343 1182 2410 delentes
1209 2363 1264 2410 nes
1288 2364 1405 2430 queque
1427 2364 1512 2411 com·

261 2463 457 2548 prebavimus
479 2481 514 2527 ac
529 2459 738 2526 commissioni
759 2459 883 2526 illorum
907 2458 1089 2543 apostelicae
1104 2460 1295 2526 auctoritatis
1312 2461 1404 2528 robur
1426 2461 1511 2528 adic-

260 2581 368 2660 cimua
391 2579 470 2646 sicut
483 2598 537 2663 per
559 2577 637 2642 alias
658 2577 778 2643 nostras
794 2574 851 2641 sub
873 2575 999 2658 plumbo
1020 2575 1140 2642 litteras
1162 2575 1302 2660 poteritis
1325 2595 1512 2661 cognoscere.

261 2695 359 2776 Nune
381 2694 501 2781 quaudo
523 2694 557 2759 iu
570 2692 628 2758 hoc
649 2693 735 2757 taum
757 2693 789 2757 et
806 2693 872 2756 tam
894 2691 982 2776 gravi
1004 2691 1240 2758 christianitatis
1262 2693 1399 2760 tumultu
1421 2713 1512 2777 quem

260 2810 413 2878 Sathanae
435 2810 556 2876 malitia
577 2809 609 2874 st
630 2807 777 2891 iniquitas
807 2807 838 2872 ct
859 2825 963 2872 aerum
986 2807 1038 2891 qui
1060 2807 1109 2874 illi
1133 2825 1199 2872 sese
1230 2806 1408 2874 dicaverunt
1429 2809 1512 2874 ihrer

259 2932 290 2997 et
312 2928 455 3012 impietas
477 2924 629 3004 excitavit
658 2923 800 2991 omnibus
829 2922 945 2988 viribus
968 2923 1007 2987 ab
1036 2923 1177 2990 omnibus
1200 2923 1253 3008 qui
1275 2924 1376 2992 Deum
1406 2943 1510 2992 verum

259 3045 428 3130 agnoscunt
449 3041 648 3108 obnitendum
678 3041 739 3118 est,
769 3040 804 3104 ut
827 3039 910 3104 salus
940 3038 1078 3104 emnium
1107 3040 1278 3106 communis
1308 3043 1510 3122 conservetur,

258 3161 378 3245 quando
407 3160 481 3224 haee
510 3157 610 3223 rabies
640 3175 700 3221 non
730 3153 909 3239 religionem
939 3154 1038 3220 solum
1069 3155 1122 3220 sed
1151 3172 1274 3222 emnem
1304 3157 1509 3240 principatum

257 3295 378 3343 emnem
402 3275 594 3341 nobilitatem
616 3290 738 3339 omnem
761 3271 1013 3355 praeminentiam
1036 3272 1067 3335 et
1083 3271 1327 3356 superioritatem
1349 3274 1433 3357 leges
1456 3291 1507 3338 or-

255 3392 401 3476 dinesque
423 3389 603 3456 confundere
618 3391 650 3454 ot
671 3388 852 3472 permiscere
874 3387 981 3470 parata
1003 3388 1058 3452 est
1104 3385 1170 3454 Nos
1186 3387 1309 3472 quidem
1332 3389 1412 3456 nulli
1433 3408 1506 3474 par-

254 3509 352 3574 cimus
374 3527 430 3574 nec
451 3506 549 3573 labori
570 3524 625 3571 uec
646 3522 736 3570 curae
758 3505 793 3568 ut
815 3521 851 3568 ea
879 3521 955 3587 quae
978 3522 1141 3587 possumus
1169 3505 1304 3570 remedia
1335 3505 1506 3572 afferamus.

254 3624 349 3690 Decet
377 3625 480 3690 numm
509 3640 562 3688 ros
592 3639 719 3704 quornm
749 3622 780 3685 et
803 3619 969 3704 sapientiae
999 3620 1030 3686 et
1052 3619 1216 3704 aequitatis
1246 3638 1358 3687 nomen
1379 3621 1412 3686 in
1441 3622 1506 3686 tota

253 3739 357 3806 Gallia
378 3739 523 3804 onimium
546 3739 578 3803 et
601 3737 710 3821 ubique
725 3737 771 3800 ost
794 3735 1000 3816 memorabile,
1024 3735 1107 3801 omni
1130 3737 1231 3802 uestra
1246 3737 1358 3804 virtute
1381 3737 1505 3815 conniti,

252 3857 370 3922 utnon
399 3855 498 3920 selum
527 3852 640 3918 venas
662 3853 694 3918 et
716 3851 791 3918 fides
821 3853 910 3929 recta,
934 3851 987 3917 sed
1008 3851 1096 3934 regni
1123 3851 1215 3917 istius
1246 3852 1329 3918 salus
1352 3855 1383 3918 et
1412 3849 1506 3918 vestri

251 3971 366 4037 ordinis
381 3971 517 4055 dignitas
532 3988 550 4034 a
565 3967 740 4035 domesticis
763 3967 905 4051 periculis
920 3969 950 4033 et
966 3967 1194 4034 calamitatibus
1209 3968 1406 4048 custodiatur,
1428 3987 1504 4052 quas

250 4087 325 4152 haec
353 4085 521 4170 perniciosa
549 4085 580 4150 et
611 4083 756 4168 pestifera
783 4083 900 4149 heresis
936 4082 1047 4166 ubique
1076 4083 1266 4150 disseminat.
1322 4082 1503 4169 Quanquam

250 4202 363 4268 scimus
387 4219 439 4266 ves
462 4200 519 4265 tali
533 4200 660 4266 consilio
676 4201 707 4264 et
720 4199 901 4265 auctoritate
918 4197 1071 4283 praeditos
1093 4199 1265 4265 hortatione
1280 4219 1342 4266 uon
1356 4199 1501 4284 indigere,

249 4334 325 4402 ques
347 4316 527 4401 praesertim
550 4315 614 4381 iam
637 4316 789 4382 cernimus
812 4314 1036 4399 provisionibus
1060 4313 1168 4380 multis
1193 4317 1224 4380 ct
1246 4314 1390 4398 preclaris
1414 4333 1501 4380 suam

247 4435 279 4498 et
301 4433 446 4498 virtutem
468 4434 500 4497 et
522 4433 715 4516 prudentiam
737 4430 914 4496 ostendisse.
962 4427 1021 4494 Sed
1044 4449 1099 4494 nos
1125 4430 1226 4496 nestri
1250 4429 1387 4496 debitum
1410 4429 1501 4496 offleii
