3380 5088
621 335 935 439 l-nes-

188 535 312 623 speciali
333 537 437 605 vestra
455 533 556 624 gratia
570 532 812 606 reservationem
830 534 1032 603 beneficorum
1047 533 1321 604 ecclesiastiecmm
1342 554 1438 624 usqne

187 655 226 720 ad
241 649 394 721 sommam
418 653 546 721 duorum
561 653 695 720 millium
711 652 890 720 ducatorum
914 652 988 732 auri,
1011 651 1045 717 in
1060 651 1236 720 civitatibus
1254 655 1286 719 et
1307 653 1436 720 diocesi-

188 773 244 836 bus
267 770 453 848 Traverensi,
475 769 653 855 Argentina,
677 766 911 848 Constantiensi,
934 769 967 834 et
988 767 1168 848 Basileensi,
1188 768 1322 854 proxime
1346 787 1436 834 vaca-

187 887 324 952 turorum
337 887 469 971 benigne
485 885 653 953 concedere.
678 885 726 950 Ita
743 883 867 970 quidem
880 883 960 968 quod
975 883 1151 951 huiusmodi
1165 884 1328 951 reservatio
1343 885 1438 952 stiam

187 1001 225 1067 ad
248 1001 416 1086 dignitates
438 1001 621 1087 principales
643 1003 708 1066 tam
731 999 1035 1084 metropolitanarum
1053 1019 1145 1084 quam
1168 1000 1262 1066 etiarn
1277 999 1437 1067 cathedra·

188 1118 264 1183 lium
293 1120 324 1183 et
347 1118 577 1201 collegiatarum
607 1117 805 1183 ecclesiarum
825 1117 859 1182 in
888 1116 1013 1183 meliore
1033 1115 1130 1182 forma
1152 1116 1305 1186 latissime
1332 1117 1438 1183 exten-

187 1233 285 1310 datur,
309 1251 344 1298 ao
366 1234 460 1298 etiam
482 1234 509 1298 si
528 1251 604 1316 opus
627 1233 718 1299 luerit
733 1232 812 1316 qued
829 1233 862 1298 in
878 1231 1053 1298 huiusmodi
1067 1231 1259 1298 concessione
1275 1233 1439 1299 reservatio

188 1349 356 1432 spiritualis
372 1349 411 1413 ad
425 1348 632 1432 preposituras
657 1339 832 1414 sanctorum
848 1347 969 1414 Paulini
992 1349 1023 1413 et
1039 1345 1190 1414 Simeonis
1212 1349 1295 1414 intra
1308 1351 1340 1415 et
1355 1351 1440 1415 extre

187 1483 290 1530 muros
305 1464 503 1561 Treverenses
526 1463 625 1531 eidem
640 1463 919 1550 comprehendatur.
954 1463 991 1528 ln
1013 1481 1072 1548 quo
1088 1463 1237 1530 sanctitas
1253 1468 1354 1530 vestra
1375 1485 1439 1532 rem

188 1579 277 1646 faciet
292 1581 323 1646 et
338 1580 500 1646 clementia
516 1599 571 1646 sua
585 1580 712 1666 dignam
728 1582 761 1646 et
777 1580 865 1646 uobis
879 1579 1033 1664 imprimis
1048 1579 1211 1646 iucundam
1225 1583 1316 1664 atque
1331 1599 1437 1665 accep·

186 1697 252 1761 tam
267 1715 359 1780 quam
382 1715 437 1762 nos
453 1698 484 1762 et
499 1715 571 1781 erga
588 1715 656 1763 eam
679 1696 764 1763 omni
786 1685 876 1762 filiali
895 1697 1000 1762 nostra
1013 1695 1207 1762 observantia
1229 1715 1440 1782 recognoscere

185 1812 401 1878 laborabimus.
456 1809 718 1892 Quemadmodum
752 1811 966 1897 amagnihco
997 1811 1082 1877 fideli
1111 1811 1221 1878 dilecto
1254 1802 1371 1879 oratore
1407 1817 1439 1880 et

186 1927 358 1994 consiliario
382 1925 516 1994 Gernrdo
539 1927 577 1994 ds
600 1928 696 1994 Plans
710 1927 809 2012 Rupis
831 1927 954 1994 domino
977 1926 1040 2014 (cni
1054 1927 1156 1993 inhia
1178 1930 1210 1993 et
1231 1915 1439 1996 omnimodam

185 2042 278 2108 fidem
300 2045 332 2109 et
347 2043 513 2128 benignam
535 2043 721 2110 audientiam
745 2043 880 2110 exhiberi
895 2042 1048 2128 cupimus)
1071 2043 1166 2110 latius
1187 2044 1361 2128 intelligere
1382 2064 1438 2129 po-

187 2158 267 2224 terit
312 2159 352 2228 Et
382 2160 578 2226 sanctitatem
601 2161 735 2225 vestram
765 2160 881 2243 optime
903 2162 1003 2226 valere
1026 2162 1273 2245 sacrosancteque
1295 2161 1440 2228 ecclesiae

187 2273 239 2339 diu
263 2274 391 2340 feliciter
412 2291 532 2360 preesse
555 2276 702 2359 cupimus.
745 2276 827 2341 Data
849 2275 883 2341 in
907 2275 1032 2342 civitate
1054 2278 1159 2342 nostra
1181 2276 1341 2362 Burgensi.
1383 2277 1441 2344 Die

188 2389 268 2456 xviii
293 2389 368 2456 Maii
390 2409 470 2458 anno
491 2390 617 2458 Domini
639 2391 804 2458 millesimo
827 2391 1067 2476 quingentisimo
1087 2392 1236 2477 vigesimo
1250 2395 1366 2478 quarto,
1389 2413 1438 2459 re·

187 2523 318 2589 gnorum
340 2508 513 2573 nocherum
535 2507 654 2573 romani
675 2507 791 2593 quinte,
814 2506 942 2573 aliorum
965 2525 1035 2574 vero
1058 2508 1196 2575 omnium
1218 2527 1305 2576 none.

278 2736 403 2804 Carolus
426 2738 530 2806 divina
562 2739 681 2806 favente
704 2739 866 2806 clementia
892 2741 1006 2807 electus
1038 2741 1245 2807 Romanorum
1276 2741 1441 2827 imperator

189 2873 308 2938 semper
323 2855 481 2939 Augustus
497 2875 532 2920 ac
548 2853 738 2936 Germaniae,
759 2855 978 2939 Hispaniarum
994 2857 1151 2941 utriusque
1167 2855 1297 2934 Siciliae,
1313 2856 1440 2924 Hierlm.

191 2969 374 3054 Hungariae,
389 2971 572 3050 Dalmatiae,
589 2970 726 3038 Orcadas
749 2990 807 3050 rex,
827 2971 971 3038 archidux
987 2972 1137 3052 lustriae,
1161 2972 1219 3038 dux
1235 2972 1440 3058 Burgundiae,

189 3085 374 3152 Brahantiae
396 3087 428 3152 et
450 3105 550 3152 comes
573 3086 733 3154 Illandriae
756 3089 812 3154 etc.
1076 3109 1079 3115 ·

1217 3203 1351 3272 Carolus.
1433 3222 1436 3226 ’
1483 3247 1484 3250 =

781 3466 855 3534 215.

565 3629 716 3692 Carolus
739 3631 780 3690 v.
804 3630 976 3692 Clementi
996 3631 1069 3692 vn.

641 3741 728 3828 (litt.
743 3741 838 3824 princ.
854 3741 894 3808 11.
912 3741 1001 3828 223).

679 3855 744 3943 (25.
761 3855 837 3922 Maii
855 3856 965 3944 1524).

284 4015 468 4084 Beatissimo
482 4018 568 4110 pater
583 4016 705 4083 domine
720 4016 979 4084 reverendissime.
1003 4014 1123 4097 Quanto
1141 4018 1321 4088 clementius
1341 4019 1445 4088 divina

195 4131 315 4198 bonitas
337 4131 495 4198 nobiscum
518 4133 585 4217 agit
607 4151 641 4198 eo
664 4133 764 4218 magis
780 4134 922 4200 convenit
943 4152 998 4201 nos
1023 4135 1195 4219 intelligere
1218 4139 1309 4220 atque
1332 4137 1445 4204 sentire

193 4250 343 4333 quantum
365 4248 415 4314 illi
437 4247 608 4327 debeamus,
641 4249 694 4315 sed
717 4251 838 4316 tantum
861 4250 993 4335 proiecto
1023 4253 1071 4316 est
1093 4252 1128 4316 ut
1157 4251 1235 4317 illud
1257 4251 1387 4319 minima
1409 4271 1445 4319 ex

194 4365 280 4448 parte
304 4364 353 4430 vix
383 4381 488 4448 capere
517 4365 620 4431 mente
649 4365 812 4450 possimru.
858 4365 940 4432 Nam
963 4365 1036 4450 quid
1068 4366 1204 4433 foelicius
1228 4369 1281 4433 aut
1310 4368 1444 4450 optatius

194 4481 369 4565 contingere
386 4480 546 4566 potuisset,
570 4499 661 4565 quam
685 4482 720 4547 ut
734 4483 839 4548 tantus
861 4481 960 4548 hostis
977 4479 1095 4564 Gallus,
1118 4483 1170 4567 qui
1185 4482 1344 4569 praecipue
1367 4501 1443 4570 quo·
