3400 5088
769 315 1014 383 -138-

264 509 317 578 sed
347 531 399 595 spe
421 512 453 578 et
475 510 534 578 fide
563 511 702 578 ducimur
731 513 829 579 multo
851 511 974 578 maiore.
1021 509 1103 578 Satis
1131 511 1213 578 enim
1243 509 1377 594 aspirare
1399 508 1513 592 coeptis

262 626 434 711 optatisque
463 629 576 694 nostris
599 628 699 694 mum
722 629 883 706 cernimus,
912 649 982 694 curn
1005 628 1085 712 quod
1106 627 1145 693 ab
1168 647 1203 694 eo
1226 627 1377 710 supplices
1405 645 1511 710 preca-

263 744 386 819 bamur3
409 745 474 811 eius
497 745 585 812 nobis
608 744 798 823 concedendi,
822 745 860 810 ad
883 745 1034 828 optimum
1056 746 1087 811 et
1109 743 1401 810 christianissimum
1424 742 1510 826 prin·

261 860 359 944 cipem
375 861 651 946 dignissimumque
666 860 826 928 Caesarem
841 861 979 928 ridemus
994 861 1128 928 delatam
1151 879 1217 927 esse
1231 861 1423 944 potestatem.
1446 860 1511 927 Nos

261 995 330 1042 vero
353 977 406 1059 qui
428 979 514 1044 tento
544 977 644 1044 studio
666 979 847 1044 curabamus
869 996 983 1062 pacem,
1012 979 1086 1043 tunc
1108 997 1178 1044 oum
1199 976 1284 1060 pacis
1312 995 1389 1060 pene
1411 976 1511 1042 omnis

261 1092 339 1158 ratio
361 1092 520 1177 desperate
542 1093 621 1170 erat;
651 1112 732 1160 nono
753 1093 788 1160 in
809 1095 898 1160 tauta
920 1113 973 1178 spe
995 1093 1100 1160 nostra
1122 1095 1210 1159 tante
1232 1093 1438 1177 expectatione
1460 1093 1509 1158 iu·

262 1209 417 1276 atissimae
439 1212 470 1276 et
491 1209 750 1276 clementissimae
772 1212 840 1277 tuae
857 1211 971 1277 mentis
993 1229 1029 1276 ao
1051 1209 1228 1290 voluntatis,
1251 1209 1279 1276 si
1296 1209 1335 1279 ab
1357 1209 1412 1276 ilia
1427 1208 1510 1293 pacis

259 1325 378 1393 actione
392 1325 616 1404 desisteremus,
638 1326 806 1394 faceremus
820 1326 967 1394 iniuriam
990 1326 1122 1412 profecto
1137 1327 1168 1392 et
1189 1325 1250 1409 ipsi
1265 1325 1329 1392 Deo
1350 1327 1382 1392 et
1403 1325 1510 1392 honori

258 1443 377 1507 nostro:
400 1461 496 1525 neque
518 1443 591 1508 tunc
612 1461 718 1525 pacem
741 1443 888 1520 voluisse,
912 1442 964 1509 sod
980 1441 1064 1508 aliud
1086 1441 1232 1526 quiddam
1248 1443 1400 1526 spectasse
1422 1441 1508 1508 vide-

259 1577 368 1625 remur.
414 1556 473 1626 Sed
504 1557 531 1624 ai
552 1557 710 1641 quippiam
739 1557 896 1636 hebemus,
925 1557 974 1623 vel
996 1558 1160 1626 habuimus
1187 1577 1321 1642 unquam
1351 1556 1509 1624 desideriis

245 1673 370 1748 ,nostris
393 1673 494 1758 magia
516 1673 705 1757 propositum
720 1692 812 1757 quarn
835 1693 949 1757 pacem,
965 1673 1052 1758 digni
1075 1691 1181 1740 sumne
1203 1693 1278 1757 quos
1292 1692 1354 1739 non
1368 1672 1509 1740 exaudiet

258 1789 349 1867 Deus,
373 1789 484 1856 sivero
499 1791 603 1854 nostra
618 1789 745 1855 consilia
768 1789 864 1873 ipsius
879 1789 938 1854 Dei
961 1789 1105 1856 bonorem
1115 1807 1313 1864 communem
1328 1788 1506 1855 christiani·

257 1905 331 1970 tetis
363 1906 493 1971 salutem
524 1906 555 1971 et
584 1906 698 1970 bonurn
727 1905 849 1989 optatae
877 1904 961 1989 pacis
991 1905 1217 1988 spectassem,
1249 1905 1378 1972 eundern
1407 1906 1507 1970 Deum

256 2040 386 2100 oramus,
409 2023 444 2087 ut
466 2026 570 2086 sermm
594 2022 688 2099 tuam,
703 2021 737 2087 in
751 2022 837 2087 cuius
852 2040 946 2087 manu
968 2041 1073 2106 pacem
1089 2040 1155 2087 esso
1178 2022 1283 2100 voluit,
1305 2023 1389 2106 pacis
1404 2023 1504 2088 iubeat

256 2157 322 2203 osse
344 2137 534 2215 effectricem,
563 2137 620 2202 hoc
642 2139 690 2204 est
711 2139 747 2204 ut
768 2138 847 2223 quod
871 2138 1098 2204 sanctissimam
1121 2140 1255 2204 mentem
1278 2140 1364 2204 tuam
1386 2138 1506 2204 deside·

253 2273 319 2320 rare
341 2254 493 2319 cernimus
518 2252 610 2339 (nihil
628 2254 711 2319 enirn
725 2253 837 2320 clarius
852 2255 900 2320 est
914 2273 1006 2340 quam
1021 2255 1051 2320 te
1067 2255 1145 2320 velle
1167 2273 1272 2338 pacem
1295 2256 1327 2320 et
1349 2253 1502 2339 appetere)

250 2369 318 2436 eius
341 2368 519 2436 conficiendi
546 2371 579 2436 et
600 2369 799 2454 transigendi,
827 2369 954 2436 remotis
983 2369 1212 2454 impedimentis
1234 2371 1384 2454 omnibus,
1407 2370 1465 2435 tibi
1488 2390 1506 2435 a

253 2505 373 2555 summo
394 2486 458 2552 Deo
481 2485 634 2554 tribuatur
662 2485 803 2557 facilitas.
850 2483 910 2552 Sed
932 2505 985 2551 cur
1013 2505 1071 2570 pax
1094 2486 1226 2554 maxime
1255 2486 1425 2553 necessaria
1455 2486 1504 2565 sit,

251 2600 354 2685 alique
375 2601 503 2671 dicenda
526 2603 606 2680 sunt,
635 2620 697 2668 non
718 2603 784 2668 tem
806 2602 861 2668 illa
889 2600 1013 2686 quidem
1036 2621 1115 2668 nora
1135 2621 1253 2687 genere,
1283 2621 1376 2685 quam
1398 2601 1503 2686 grevia

250 2717 460 2798 diuturnitate,
483 2719 593 2802 quibus
609 2719 670 2784 nisi
685 2718 782 2784 citum
797 2717 966 2784 remedium
989 2717 1177 2798 adhibeatur,
1201 2719 1283 2784 utin
1298 2719 1404 2785 effecto
1418 2738 1502 2784 mor-

251 2833 308 2900 tali
330 2851 451 2917 corpore
473 2834 593 2919 longior
614 2835 739 2902 morbus
769 2833 896 2900 exitium
918 2836 950 2900 et
972 2836 1101 2900 mortem
1126 2835 1228 2910 affert3
1252 2835 1297 2902 sic
1319 2835 1353 2901 in
1374 2835 1500 2902 christi·

250 2949 367 3016 anitate
395 2949 459 3016 iam
488 2949 658 3035 defatigata
680 2951 712 3016 et
733 2949 841 3016 attrita
870 2950 1026 3034 proximus
1049 2951 1097 3016 est
1117 2951 1261 3018 interibis
1284 2950 1501 3035 expectandum

251 3065 361 3149 urgent
382 3063 466 3132 enim
481 3067 513 3131 et
527 3065 704 3150 opprimunt
718 3064 777 3132 duo
799 3065 984 3150 gravissima
999 3065 1082 3133 maia
1097 3069 1189 3151 atque
1202 3067 1395 3134 incommoda
1416 3067 1499 3133 chri·

249 3180 455 3261 stianitetem,
483 3199 612 3266 quorem
634 3182 764 3250 altorum
794 3183 841 3248 est
871 3182 1019 3249 ai'urcis
1048 3183 1101 3267 qui
1129 3183 1281 3250 continuis
1311 3183 1500 3251 successibus

248 3296 330 3375 clati,
353 3298 385 3364 at
405 3298 511 3364 nostra
531 3297 657 3383 ignavia
678 3317 713 3364 ac
736 3297 925 3383 negligentia
946 3298 980 3364 in
996 3318 1082 3382 spem
1104 3298 1271 3366 maximam
1293 3299 1393 3378 erecti,
1416 3299 1499 3364 curi·

247 3413 365 3478 atienae
380 3413 562 3498 reipublicae
584 3413 706 3498 penitus
721 3413 935 3498 opprimendae
949 3413 1057 3481 ineunt
1071 3415 1228 3482 rationem.
1258 3415 1308 3480 An
1323 3415 1358 3480 tu
1379 3416 1498 3480 trecen·

246 3529 347 3596 tarum
356 3530 482 3596 nanum
496 3531 635 3614 paratam
643 3530 707 3594 iem
722 3529 861 3609 classem,
871 3531 1068 3596 etterrostres
1084 3531 1231 3598 exercitus
1240 3530 1273 3596 in
1289 3530 1384 3596 armis
1393 3529 1499 3598 edesse

246 3645 354 3723 iussos,
378 3645 438 3714 alio
461 3646 588 3714 consilio
611 3645 730 3729 aliaque
753 3647 856 3711 mente
879 3647 998 3712 coactos
1021 3666 1087 3714 esse
1110 3649 1208 3731 putas,
1232 3647 1294 3713 nisi
1316 3649 1351 3714 ut
1374 3648 1497 3732 septen·

246 3761 390 3827 trionales
422 3761 658 3834 christianorum
689 3761 860 3844 provinciae
892 3761 931 3826 ab
961 3761 1028 3846 ipso
1057 3763 1160 3830 littore
1186 3763 1304 3848 Illyrici
1333 3782 1428 3847 usque
1458 3763 1497 3830 ad

245 3877 404 3944 Poloniam
432 3877 537 3961 impiis
566 3877 629 3944 illis
652 3876 747 3942 armis
769 3877 801 3941 et
823 3876 922 3961 signis
951 3879 1138 3945 obruantur?
1183 3879 1233 3946 An
1255 3897 1311 3945 nos
1340 3879 1416 3946 haec
1439 3879 1498 3944 soli

243 3991 456 4078 intelligimus,
478 3995 590 4078 traque
619 3991 767 4059 serenitas
789 3992 899 4058 harum
922 4012 1023 4060 rerum
1045 3995 1176 4079 ingnare
1197 3995 1267 4061 est?
1311 3993 1497 4060 Deferuntur

242 4108 365 4192 quidem
388 4107 427 4174 ad
455 4127 511 4176 nos
534 4109 668 4193 primum
691 4129 727 4174 ex
755 4107 841 4174 omni
868 4110 954 4191 parte
978 4111 1124 4192 querelae,
1154 4129 1209 4176 nec
1238 4110 1402 4194 quicquam
1431 4109 1494 4175 iam

242 4224 377 4290 crebrius
399 4243 486 4292 aures
510 4225 631 4293 nostrae
652 4223 825 4308 percipiunt
846 4243 938 4306 quam
961 4225 1138 4309 oppidorum
1154 4225 1390 4292 christianorum
1412 4225 1493 4290 dne·

241 4339 371 4423 ptiones,
392 4339 553 4407 hominum
574 4339 711 4423 praedas,
740 4337 856 4430 excidia
878 4355 1036 4422 agremm3
1066 4360 1136 4408 cum
1158 4339 1292 4425 quotidie
1314 4339 1376 4406 fere
1397 4340 1493 4405 mise·

241 4473 343 4549 rorum
356 4454 547 4540 ,sanguinem
570 4455 698 4533 effundir
729 4454 809 4522 viros
832 4455 863 4520 et
885 4453 1022 4546 virgines
1041 4455 1075 4524 in
1097 4457 1287 4546 teterrimam
1310 4455 1488 4524 servitutem
