3346 5084
888 1206 962 1271 289.

508 1382 775 1479 DIVERSA
803 1385 955 1480 [ΗΒΑ
983 1384 1339 1480 TANGEN'HA

297 1539 610 1606 REVERENDAM
633 1539 848 1606 OAMERAM
870 1539 1193 1608 APOS'I'OLIOAM
1216 1541 1268 1606 IN
1290 1540 1554 1608 PROVIN'I'IA

744 1654 1098 1722 ROMANDIOLAE.

640 1799 769 1862 (raonis.
788 1799 870 1850 soora
890 1799 981 1850 virro.
999 1802 1096 1851 xxxv.
1114 1802 1138 1851 r.
1159 1802 1210 1859 oo).

868 1927 980 1990 1530.

384 2226 422 2291 In
445 2224 560 2292 Christi
591 2224 714 2292 nomine
743 2245 832 2292 amen
855 2227 910 2294 etc.
956 2227 1022 2311 Ego
1050 2226 1184 2292 Joannes
1213 2226 1346 2293 Jacobus
1375 2227 1544 2293 Benincasa

295 2342 327 2408 F.
343 2360 371 2425 q.
387 2341 504 2425 egregii
528 2340 585 2406 viri
607 2340 724 2407 domini
745 2341 874 2407 Joannis
898 2341 1053 2408 Francisoi
1067 2342 1238 2409 Beninossa
1262 2341 1338 2408 civis
1361 2343 1392 2407 et
1407 2341 1542 2408 notarius
1656 2395 1657 2450 ἒ

294 2458 433 2541 publicus
456 2457 648 2523 Ravennates
670 2455 830 2544 indubiam
853 2457 945 2522 fidem
968 2457 1053 2537 facio,
1083 2457 1232 2541 verboque
1256 2456 1393 2522 verimtis
1417 2457 1545 2522 attestor

293 2573 434 2638 omnibus
450 2573 506 2638 has
521 2573 677 2656 presentes
691 2572 824 2650 lecturis,
840 2573 871 2638 et
886 2572 1013 2638 visuris:
1030 2569 1168 2652 Qualiter
1183 2574 1331 2657 reperitur
1345 2573 1378 2638 in
1393 2572 1544 2656 rogitibns

292 2687 440 2773 praedicti
461 2688 615 2772 quondam
636 2687 754 2754 domini
775 2685 904 2753 Joannis
927 2688 1080 2754 Ilmncisci
1110 2687 1222 2754 notarii
1245 2687 1360 2772 publici
1381 2687 1544 2753 Ravennae
1656 2717 1657 2742 r

293 2803 389 2887 patris
413 2803 474 2869 mei
496 2801 709 2885 infrascriptos
731 2821 889 2886 processus
912 2803 945 2868 in
967 2822 1060 2868 causa
1081 2803 1144 2870 iam
1159 2805 1296 2869 verteme
1316 2803 1398 2868 inter
1419 2802 1471 2868 fel
1487 2821 1544 2868 rea

293 2939 316 2983 s.
333 2918 360 2983 d.
377 2938 406 2983 n.
423 2917 451 2983 d
467 2916 655 2984 Clementem
678 2936 788 3001 papam
812 2918 977 3001 septimum
1000 2921 1031 2985 et
1050 2917 1194 2985 Sanctam
1211 2917 1319 2984 Sedem
1343 2917 1543 3002 apostolicam
1656 2901 1657 2914 ³

292 3034 434 3117 agentem
464 3052 499 3098 er
529 3050 597 3113 una,
626 3034 658 3098 et
679 3032 723 3098 ill.
746 3033 819 3099 tunc
848 3031 927 3099 dd.
951 3033 1059 3100 ducem
1086 3034 1241 3100 Ferrariae
1271 3052 1303 3099 se
1331 3033 1544 3100 defendentem
1656 3127 1657 3136 ἦ

292 3147 430 3232 partibus
453 3165 488 3213 er
510 3147 606 3214 altera
628 3165 730 3214 coram
759 3167 897 3215 caesarea
920 3149 1081 3216 maiestate
1104 3147 1204 3215 Caroli
1227 3148 1327 3232 quinti
1349 3149 1544 3233 imperatoris

291 3265 437 3347 tanquam
460 3263 568 3329 arbitri
597 3263 788 3330 arbitratoris
810 3265 842 3330 et
864 3263 1037 3330 amicabilis
1066 3263 1277 3347 compositoris
1306 3281 1415 3330 causae
1438 3264 1469 3329 et
1490 3281 1544 3346 per
1656 3349 1657 3364 χ

291 3378 417 3444 eundem
441 3396 611 3444 caesaream
634 3379 827 3445 maiestatem
851 3398 937 3444 suam
961 3379 1125 3444 commissa
1148 3398 1229 3464 mag.
1252 3378 1376 3444 domino
1397 3377 1544 3462 potestati
1656 3367 1657 3426 ³

291 3511 372 3576 mag.
396 3492 531 3558 civitatis
553 3493 724 3561 Ravennae.
763 3491 855 3559 (luins
878 3493 1002 3577 quidem
1025 3513 1193 3578 processus,
1216 3493 1312 3578 dequo
1336 3493 1395 3558 fuit
1418 3494 1543 3578 rogatus

291 3607 391 3673 dictus
413 3627 441 3692 q.
465 3609 552 3692 pater
573 3626 660 3675 meus
683 3610 770 3675 tenor
792 3607 865 3674 talis
888 3609 936 3675 est
957 3611 993 3674 ut
1014 3609 1109 3686 infra;
1131 3609 1288 3675 videlicet:

378 3723 417 3789 ln
439 3721 555 3790 Christi
576 3723 698 3790 nomine
720 3743 817 3789 amen.
849 3723 932 3790 Haec
954 3725 1026 3789 sunt
1041 3726 1187 3791 nonnulla
1209 3725 1278 3790 seta
1292 3724 1431 3808 exempla
1453 3725 1540 3789 tran-

291 3840 414 3922 sumpta
436 3838 649 3904 causationes
671 3840 703 3904 et
725 3839 945 3924 recognitiones
975 3839 1080 3919 iactae,
1110 3841 1141 3906 et
1171 3839 1251 3904 facta
1274 3857 1377 3904 coram
1399 3857 1482 3922 mag.
1504 3855 1540 3902 ac

289 3951 460 4019 clarissimo
482 3953 558 4019 iuris
574 3954 712 4019 consulto
731 3953 853 4019 domino
869 3952 1051 4020 Baldassare
1066 3954 1103 4020 de
1118 3955 1285 4021 Bertarolis
1300 3952 1429 4038 patricio
1450 3952 1539 4020 Cese-
1656 3945 1657 3994 Ψ

289 4071 415 4136 natanse
437 4069 572 4135 civitatis
594 4070 756 4136 Ravenme
779 4070 931 4153 potestate
953 4068 1145 4153 dignissimo,
1175 4071 1207 4135 et
1227 4070 1261 4135 in
1283 4069 1419 4154 presenti
1451 4087 1541 4135 causa

289 4184 443 4250 executore
466 4187 497 4251 et
518 4185 617 4251 iudice
640 4204 674 4251 oc
697 4205 805 4252 comm.
829 4185 972 4270 deputato
995 4204 1013 4250 a
1032 4185 1241 4252 sacratissima
1262 4185 1425 4251 maiestate
1441 4183 1538 4250 Oaroli

288 4301 388 4384 quinti
417 4301 541 4384 augusti
570 4301 674 4367 divina
704 4301 824 4369 favente
855 4301 1018 4367 clementia
1047 4302 1254 4368 Romanorum
1285 4299 1479 4383 imperatoris
1505 4317 1539 4363 cc

289 4415 480 4498 Germaniae,
503 4417 730 4502 Hispaniarum,
753 4418 911 4502 utriusque
926 4416 1056 4499 Siciliae,
1074 4417 1269 4483 Hierusalem
1285 4416 1350 4495 etc,
1372 4414 1464 4499 regis,
1487 4433 1537 4480 ar-

288 4532 425 4598 chiduois
447 4532 598 4615 nustriae,
620 4535 651 4601 et
667 4535 756 4619 prout
775 4533 812 4600 de
835 4533 899 4602 eius
923 4531 1104 4600 auctoritate
1125 4531 1220 4599 letius
1243 4531 1419 4598 constater
1442 4529 1539 4597 literis
