3400 5088
661 305 906 372 —123-

158 497 276 582 quando
306 498 434 565 coniecti
463 499 494 566 et
524 497 664 582 stipulati
693 498 803 566 dederis
833 499 1060 584 transumptum
1084 499 1270 567 rvuteuticum
1301 500 1353 568 dil.
1376 501 1406 566 fi.

157 613 203 679 Jo.
227 614 441 681 Bartholomeo
471 614 507 680 de
532 613 706 681 Gattiuaria
736 619 824 682 ser.mi
850 614 989 681 Caesaris
1018 617 1130 682 oratori
1159 616 1406 701 consignavimus

157 731 194 797 ad
217 733 248 798 te
270 730 482 816 perferendum
504 733 594 816 atque
609 732 637 797 is
653 733 691 798 ad
714 731 948 816 teprofecturus
970 733 1033 808 est;
1056 752 1146 816 quem
1162 733 1311 818 singulari
1329 752 1405 817 qua-

44 929 47 936 ,
156 847 227 912 dam
257 847 417 930 pmdeulia
446 849 477 912 et
505 845 684 932 integritate
713 848 746 913 in
768 850 834 914 tola
862 847 924 914 ista
946 868 978 914 re
1008 849 1039 914 et
1068 866 1159 914 causa
1188 850 1343 914 versatum
1372 868 1408 914 ac

156 982 276 1029 summo
300 962 400 1029 studio
429 981 490 1028 una
513 982 582 1028 cum
613 963 664 1030 dil.
688 963 761 1030 item
787 963 850 1028 filio
872 963 970 1030 nobili
993 964 1056 1030 viro
1085 964 1159 1030 duce
1183 963 1311 1030 Suessae
1333 983 1406 1030 eon-

155 1079 342 1145 iunctionem
363 1081 500 1144 nostram
522 1081 743 1163 procurantem,
766 1080 873 1164 magni
895 1080 1012 1164 ingenii
1034 1079 1161 1146 eximiae
1183 1078 1251 1145 fide?
1277 1099 1312 1146 ac
1335 1099 1405 1164 pro·

154 1195 262 1261 bitatis
285 1195 442 1280 cognitum
467 1196 624 1274 habemus,
654 1196 946 1262 communicavimus
976 1216 1046 1262 cum
1070 1197 1123 1262 illo
1148 1196 1251 1262 omnia
1280 1196 1408 1262 consilia

154 1313 185 1377 et
208 1311 408 1396 cogitationes
432 1314 567 1389 nostram
598 1313 733 1396 quinon
757 1314 857 1379 solum
879 1333 915 1380 er
937 1313 1051 1380 nostris
1082 1311 1272 1379 sermonibus
1296 1311 1348 1378 sed
1372 1333 1407 1378 er

153 1426 325 1493 actionibus
347 1445 464 1512 quoque
486 1447 615 1512 quarum
637 1429 703 1512 ipse
726 1430 902 1495 emetamm
927 1429 1078 1513 spectator
1099 1429 1166 1509 fuit
1188 1427 1300 1512 poterit
1322 1429 1359 1493 ad
1377 1429 1406 1494 te

154 1563 260 1610 verum
282 1544 497 1628 integrumque
519 1545 730 1611 testimonium
753 1546 938 1612 sinceritatis
961 1547 1081 1611 nostrae
1103 1545 1248 1628 perferre;
1272 1546 1405 1629 primum

153 1661 250 1745 igitur
271 1661 429 1726 hortamur
452 1662 568 1726 nobtvv
592 1663 678 1727 tuam
700 1663 827 1746 paterna
848 1661 997 1729 charitate
1019 1663 1050 1728 et
1066 1660 1175 1740 studio,
1198 1662 1233 1726 ut
1255 1661 1355 1727 favere
1371 1681 1406 1726 ae

154 1775 305 1862 gratulari
325 1777 397 1842 huic
419 1779 540 1842 nostrae
556 1777 747 1844 arctissimae
762 1797 832 1844 cnm
847 1776 974 1844 Caesare
997 1777 1200 1844 coniunctioni
1222 1796 1283 1843 non
1306 1778 1406 1844 solum

155 1894 229 1958 velit
252 1891 407 1959 sedidem
431 1893 516 1959 omni
538 1912 592 1977 ope
609 1912 696 1978 opera
722 1895 901 1960 auctoritate
925 1913 980 1960 sua
1003 1894 1141 1960 stabilire
1163 1894 1257 1960 etiam
1273 1893 1406 1977 amplius

155 2009 182 2074 si
204 2009 271 2076 fieri
293 2010 395 2094 potest
417 2011 448 2076 et
470 2011 668 2076 corroborare.
714 2009 832 2076 Deinde
854 2011 889 2076 ut
911 2010 973 2097 ipsi
993 2010 1041 2078 Jo.
1064 2011 1278 2078 Bartholomeo
1301 2029 1406 2076 earum

154 2145 255 2192 rerum
277 2125 415 2192 omnium
438 2144 513 2208 quas
536 2145 571 2192 er
593 2126 708 2192 nostris
737 2127 838 2192 verbis
861 2126 920 2192 sibi
943 2126 1096 2192 rettulerit
1124 2125 1216 2193 fidem
1246 2125 1404 2209 amplissi-

154 2261 238 2308 mam
259 2242 398 2326 prebeat3
430 2241 548 2326 sibique
571 2240 607 2308 de
629 2241 718 2308 nobis
747 2242 858 2308 habeat
880 2261 1058 2326 persuasum
1088 2261 1144 2308 nos
1166 2241 1253 2308 etin
1275 2240 1406 2306 amando

154 2356 290 2441 augendo
319 2356 488 2423 extollendo
511 2354 646 2437 Caesare,
669 2359 817 2442 quentvmr
846 2359 966 2424 nostrae
988 2358 1020 2424 et
1048 2357 1139 2424 hruus
1161 2355 1289 2424 Sanctae
1318 2354 1406 2423 Sedis

154 2473 313 2538 facultates
336 2473 370 2538 in
391 2471 522 2538 Domino
551 2474 705 2554 valebunt,
734 2475 766 2540 et
787 2474 821 2539 in
843 2475 896 2540 tua
919 2473 1079 2540 nobilitata
1108 2473 1249 2540 omnibus
1278 2471 1405 2557 premiis

153 2588 335 2667 honoranda
359 2589 479 2654 nullum
501 2609 556 2655 nec
572 2591 815 2656 coniunctissimi
837 2590 929 2656 amici
951 2609 1005 2658 nec
1022 2588 1285 2674 indulgentissimi
1307 2589 1404 2674 patris

154 2705 289 2771 studium
322 2704 496 2771 omissuros.
557 2706 673 2772 Datum
702 2707 818 2774 Romae
847 2707 896 2773 die
925 2707 968 2773 iil
991 2705 1108 2791 Aprilis
1137 2704 1256 2772 mdxrv.
1315 2705 1404 2772 duno

154 2821 292 2888 seeundo.

755 3086 807 3150 91.

586 3251 779 3310 Archlducl
802 3251 976 3310 Austrlae.

239 3403 359 3470 Dilecto
380 3403 434 3470 iili.
479 3404 569 3470 Nihil
584 3405 683 3488 potuit
706 3404 883 3487 prudentius
901 3403 1000 3482 scribi,
1024 3423 1120 3488 neque
1134 3404 1185 3488 pio
1207 3407 1238 3471 et
1253 3403 1401 3470 catholico

151 3519 284 3602 principe
307 3519 431 3603 dignius
454 3541 545 3604 qulam
569 3523 638 3586 tuae
662 3521 814 3604 proximae
837 3521 957 3586 litterae
979 3539 1044 3585 arv.
1067 3519 1174 3586 Martii
1203 3519 1291 3586 datae
1314 3519 1401 3587 nobis

150 3633 186 3700 de
202 3637 232 3700 te
248 3635 505 3719 significaverunt,
528 3656 563 3702 ex
579 3637 689 3720 quibus
704 3638 780 3702 otte
803 3639 912 3703 referre
935 3637 1092 3720 acceptum
1113 3636 1178 3702 Deo
1200 3635 1402 3720 omnipotenti

151 3750 292 3834 quicquid
315 3749 373 3816 tibi
396 3752 427 3816 et
449 3768 543 3818 servv
560 3751 681 3818 Caesari
704 3753 792 3817 fratri
814 3753 866 3818 tuo
889 3771 924 3818 ex
948 3751 1123 3818 admirabili
1144 3750 1201 3816 illa
1223 3751 1348 3818 victoria
1370 3753 1401 3818 et

150 3867 264 3948 gloriae
294 3886 449 3932 aceessum
479 3869 510 3932 et
532 3867 695 3951 dignitatis
719 3867 861 3946 vidimus,
891 3867 989 3934 etita
1012 3869 1179 3950 temperare
1201 3867 1279 3934 velle
1302 3867 1398 3934 vieto-

151 3982 226 4048 riam
259 3984 292 4046 ut
315 3980 357 4046 eit
378 4001 413 4048 ea
444 3981 483 4048 ad
513 3983 644 4048 salutem
673 3982 831 4049 universae
854 3982 1089 4049 christianitatis
1119 3983 1241 4062 dbecta
1271 4002 1399 4068 quorum

150 4099 301 4182 utrunque
324 4098 385 4164 tale
408 4099 456 4163 est
479 4103 513 4163 ut
536 4099 652 4164 nullius
675 4099 763 4164 laude
787 4099 841 4164 sed
864 4100 928 4165 solo
951 4099 1031 4184 apud
1045 4099 1146 4165 Deum
1164 4099 1287 4166 virtutis
1309 4119 1398 4182 prae-

150 4213 332 4296 mio-possit
354 4213 551 4297 aequiparari.
589 4213 663 4293 Nos,
686 4215 765 4298 quod
780 4214 881 4298 priora
904 4217 1008 4280 nostra
1030 4214 1158 4281 consilia
1180 4214 1218 4280 ad
1240 4233 1400 4280 commune

149 4327 263 4394 bonum
285 4326 486 4408 intendentes,
508 4349 614 4414 pacem
637 4330 698 4396 alia
720 4330 770 4396 via
784 4329 1025 4415 cogitaveramus
1041 4347 1217 4415 componere
1240 4329 1298 4395 tibi
1320 4327 1351 4394 id
1369 4329 1400 4394 et

147 4462 213 4510 esse
242 4445 435 4529 perspectum
465 4463 532 4512 esse
561 4447 781 4531 abprobatum
810 4445 1004 4513 vehementer
1034 4445 1066 4514 iu
1095 4445 1401 4514 Domino-letamur.
