3366 5084
776 297 977 364 ..4-

246 489 353 574 gravia
381 490 560 559 1166616166
589 492 654 558 aedi
683 493 865 578 apostolicae
896 492 1078 560 accidissent
1104 495 1135 559 te
1157 493 1190 559 in
1212 492 1257 560 eis
1279 493 1430 573 omnibus,
1453 493 1498 559 ita

244 607 355 673 fortem
383 610 415 673 et
444 610 601 675 strenuam
623 627 746 692 operam
775 629 828 694 pro
857 611 924 695 ipso
953 609 1182 694 praedecessore
1210 611 1242 675 et
1270 609 1364 675 fratre
1394 611 1497 676 nostro

247 725 412 808 sanctaque
433 724 492 790 bac
515 725 585 791 sede
606 724 771 809 prebuisse,
794 727 829 791 ut
851 726 911 792 fide
933 727 965 792 et
978 725 1156 792 fortitudine
1178 725 1301 792 nemine
1322 725 1497 810 apparueris

243 839 375 906 inferior.
421 841 538 906 Deinde
561 841 641 908 dieto
663 843 762 909 Leone
783 841 926 927 pontifice
948 861 984 910 en
1006 842 1150 908 humanis
1173 842 1263 908 rebus
1286 843 1403 926 erepto:
1426 861 1496 908 cum

244 955 414 1040 respublica
428 956 657 1024 florentinorum
672 958 849 1024 difficilibus
873 959 937 1024 suis
953 958 1188 1042 periculosisque
1204 958 1392 1042 temporibus
1408 976 1496 1042 opem

243 1073 331 1137 tuam.
351 1091 387 1139 ac
409 1072 555 1140 uirtutem
576 1074 615 1139 ad
637 1075 857 1158 propulsandas
878 1075 1072 1141 inimicorum
1095 1074 1204 1153 minas,
1227 1094 1323 1158 neque
1345 1074 1379 1139 id
1401 1074 1495 1139 semel

242 1187 450 1272 expetivisset,
473 1207 588 1274 nosque
602 1189 697 1255 etiam
718 1209 772 1274 pro
795 1192 900 1258 nostra
923 1209 1044 1256 summa
1058 1191 1091 1255 in
1113 1190 1202 1256 illam
1222 1189 1378 1256 civitatem
1401 1207 1494 1274 quam

241 1303 275 1369 in
297 1303 387 1370 terris
416 1305 549 1389 patriam
577 1305 770 1372 carissimam
798 1306 957 1386 babemus,
988 1305 1202 1386 benivolentia,
1225 1305 1349 1372 iduma
1372 1306 1403 1370 16
1425 1306 1492 1370 tum

241 1420 526 1505 postulavissemus3
555 1441 616 1489 non
638 1440 800 1506 possumus
829 1423 969 1489 oblivisci
991 1441 1051 1507 qua
1079 1423 1115 1488 tu
1137 1421 1197 1488 fide
1225 1422 1380 1506 animique
1402 1439 1491 1505 prae·
1624 1411 1627 1420 ’

241 1538 356 1603 stantia
378 1538 535 1604 securitati
549 1541 580 1604 61
603 1539 696 1605 saluti
717 1539 803 1604 illius
819 1538 953 1604 civitatis
969 1539 1166 1620 consulueris,
1188 1539 1383 1622 hostiumque
1406 1555 1492 1602 arma

240 1653 420 1737 represseris
442 1655 474 1721 61
496 1653 712 1720 summoveris:
735 1653 768 1719 in
791 1671 850 1737 quo
873 1654 962 1720 facile
985 1656 1151 1738 apparebat
1172 1655 1204 1720 te
1227 1656 1293 1720 tam
1315 1654 1437 1719 fidelem
1460 1654 1492 1717 61

241 1774 398 1839 stramem
419 1788 543 1854 operam
565 1770 633 1835 tum
659 1768 731 1835 fidei
752 1771 831 1850 tuae,
861 1787 922 1854 qua
943 1770 974 1834 16
997 1769 1046 1833 illi
1074 1769 1257 1855 reipublicae
1286 1769 1491 1835 obstrinxeras

238 1887 380 1968 tribuere,
402 1888 471 1953 tum
494 1904 567 1970 erga
588 1903 643 1950 nos
666 1885 770 1952 amori
816 1882 963 1952 Secutum
985 1887 1033 1951 661
1054 1885 1176 1970 tempus
1199 1886 1337 1952 omnium
1359 1885 1491 1952 maxime

239 2022 365 2088 anceps:
394 2021 452 2087 quo
476 2001 545 2068 sade
573 2001 740 2086 apostolica
760 2021 814 2085 per
842 2002 975 2067 mortem
1002 2000 1071 2086 piae
1098 2021 1157 2068 me.
1186 2001 1315 2068 Adriani
1337 2001 1490 2086 pontificis

238 2120 361 2205 tempus
384 2119 474 2185 solito
488 2117 610 2202 longius
626 2117 761 2210 vacante,
791 2136 862 2184 cum
884 2119 990 2183 nostra
1012 2118 1043 2183 et
1066 2115 1096 2185 S.
1111 2117 1148 2184 R.
1164 2119 1197 2184 E.
1221 2117 1330 2185 civitas
1352 2117 1490 2183 Mutinae

238 2235 278 2301 61
300 2234 498 2302 defectionem
521 2234 736 2301 sollicitaretur
757 2253 793 2299 ac
807 2233 855 2300 vis
870 2234 957 2300 extra
978 2233 1102 2300 hostilis
1117 2234 1286 2319 ingrueret,
1309 2234 1394 2301 intus
1408 2252 1487 2313 vero,

238 2369 334 2436 neque
356 2351 445 2418 firmo
459 2349 619 2434 praesidio,
641 2367 739 2434 neque
753 2349 862 2415 6616616
878 2349 969 2416 rebus
992 2349 1031 2416 ad
1046 2349 1252 2417 defensionem
1266 2350 1392 2430 idoneis,
1415 2350 1488 2414 urbs

238 2467 314 2533 satis
337 2465 457 2533 munita
471 2467 566 2532 esset:
589 2467 643 2531 tua
665 2467 770 2531 tarum
785 2465 935 2551 singulari
951 2465 1113 2551 uigilantia
1135 2468 1166 2532 et
1180 2467 1301 2546 uirtute,
1324 2485 1359 2532 ac
1374 2465 1488 2532 civium

236 2581 442 2650 1116666116
469 2583 501 2649 61
530 2581 630 2647 studio
659 2581 839 2661 incredibili,
869 2583 942 2647 1666
964 2582 1020 2648 116
1050 2584 1098 2649 661
1126 2582 1235 2648 6161166
1265 2581 1487 2648 ecclesiasticae

236 2697 346 2765 ditioni
368 2699 399 2764 et
427 2696 574 2782 potestati
602 2698 786 2764 conservata.
832 2697 891 2762 Pro
914 2697 1024 2783 quibus
1054 2698 1195 2764 omnibus
1226 2715 1281 2764 noa
1304 2699 1394 2782 paulo
1417 2698 1487 2782 post

235 2815 293 2880 Dei
323 2813 540 2898 omnipotentis
567 2814 694 2880 consilio
717 2833 752 2879 ac
780 2813 886 2879 celesti
908 2813 1053 2880 beneficio
1083 2813 1122 2878 ad
1153 2813 1267 2879 summi
1297 2813 1486 2897 apostolatus

233 2929 352 3014 apicem
374 2930 477 3010 evecti,
500 2948 571 2995 eum
592 2930 630 2996 de
652 2929 714 2994 tuis
736 2929 863 3013 premiis
878 2928 1075 3013 cogitandum
1096 2929 1185 2995 nobis
1199 2929 1264 2996 iure
1280 2928 1486 3006 statuerimus,

233 3045 267 3112 id
286 3045 484 3131 potissimum
506 3045 655 3130 elegimus
678 3043 758 3129 quod
780 3044 968 3110 militaribus
992 3043 1103 3110 studiis
1126 3045 1189 3110 1616
1212 3063 1246 3109 ac
1269 3045 1395 3111 bellicae
1417 3044 1481 3108 vir-

233 3159 302 3242 tuti,
325 3180 396 3227 cum
418 3162 522 3227 nostro
545 3162 576 3226 et
598 3160 735 3226 eiusdem
758 3159 827 3226 seeo,
844 3157 932 3226 Sedis
955 3159 1113 3227 commodo
1136 3161 1483 3227 consentaneum'esset.

232 3275 421 3362 Quapropter
449 3277 480 3343 te
508 3277 741 3361 gubernatorem
769 3278 943 3361 generalem
974 3277 1202 3343 nostrorumst
1225 3275 1254 3342 S.
1278 3278 1314 3343 R.
1338 3277 1372 3342 E.
1395 3295 1481 3341 exer-

230 3393 347 3459 cituum
361 3395 464 3459 tenore
478 3392 684 3477 praesentium
699 3391 913 3459 constituimus
930 3393 1059 3458 facimus
1074 3411 1109 3458 ac
1125 3393 1314 3476 deputamus.
1338 3391 1483 3459 Volentes

230 3511 321 3595 atque
349 3508 542 3577 decernentes
571 3510 607 3574 ut
636 3509 680 3575 616
710 3508 887 3587 bonoribus,
918 3508 1098 3589 commodis,
1129 3507 1359 3590 emolumentis,
1388 3507 1482 3573 iuris-

229 3625 422 3705 dictionibus,
437 3624 694 3709 facultatibusque
708 3624 850 3690 omnibus
866 3623 965 3690 fruare
980 3624 1104 3708 potiare,
1121 3625 1231 3709 quibus
1247 3624 1297 3708 qui
1314 3623 1481 3690 maximam

227 3741 412 3827 potestatem
434 3739 606 3806 babuerunt
634 3739 819 3805 exercituum
843 3738 872 3806 S.
888 3741 924 3806 R.
940 3740 974 3806 Ε.
1000 3741 1216 3824 gubernatores
1239 3740 1404 3824 generales,
1426 3738 1482 3819 uti,

228 3857 298 3938 frui,
326 3855 420 3941 potiri
442 3855 527 3922 soliti
556 3857 628 3920 6661
650 3858 703 3921 661
725 3855 789 3921 iure
811 3855 878 3939 ipso
908 3857 1079 3939 potuerrmt.
1125 3853 1307 3921 Mandantes
1338 3851 1481 3920 omnibus

228 3970 262 4038 iu
283 3973 426 4038 universo
450 3972 533 4038 statu
557 3969 587 4036 S.
610 3971 646 4036 a
670 3971 704 4037 Ε.
726 3972 793 4036 tam
817 3971 969 4055 stipendia
991 3973 1096 4038 nostra
1118 3971 1303 4037 habentibus
1325 3970 1479 4036 militibus

227 4105 321 4172 quam
341 4088 466 4154 illorum
487 4087 629 4172 prefectis
652 4088 683 4152 et
698 4086 874 4171 capitaneis,
898 4089 951 4152 aut
966 4106 1154 4172 quocumque
1176 4087 1236 4153 alio
1252 4087 1377 4153 nomine
1392 4086 1487 4152 mili·¹

225 4203 324 4269 taram
352 4203 450 4270 ullam
478 4202 662 4287 potestatem
690 4201 912 4283 obtinentibus,
947 4204 981 4269 ut
1012 4203 1071 4268 tibi
1102 4204 1249 4286 tanquam
1281 4201 1477 4286 gubernatori

226 4318 363 4403 generali
389 4317 425 4385 in
453 4318 595 4386 omuibus
623 4319 751 4402 pareant
779 4337 815 4384 ac
844 4319 1063 4404 obtemperent,
1092 4339 1220 4404 eumque
1243 4319 1302 4384 1111
1331 4319 1477 4385 honorem

224 4433 487 4519 obedientiamque
500 4434 637 4501 deferant
651 4451 727 4519 quae
742 4433 1022 4519 praedecessoribus
1038 4435 1100 4500 tuis
1114 4435 1148 4500 in
1159 4434 1216 4500 hoc
1231 4433 1358 4518 imperio
1369 4434 1476 4500 deferri
