3380 5088
789 379 1033 450 -288-·

283 574 554 658 christianissimo,
585 575 686 665 (Hisp.
716 579 872 655 catholieo,
901 577 1047 664 Angliue‚
1069 579 1149 666 fidei
1170 601 1241 665 cusp.
1272 579 1431 665 defensore
1453 575 1534 646 Port.

284 699 396 780 optimo
413 693 497 782 repe)
513 694 710 761 desideretur.
749 693 832 775 Quas
847 695 970 761 etiamsi
985 714 1093 761 causae
1108 713 1169 762 non
1184 695 1294 774 essens,
1311 693 1338 760 si
1353 697 1407 760 aut
1422 695 1535 762 summi

283 812 341 877 Dei
363 813 525 896 respectus,
548 813 601 877 aut
623 811 794 877 communis
818 811 926 877 salutis
949 811 1157 889 consideratio,
1181 812 1234 876 aut
1249 811 1344 877 honor
1365 809 1464 878 nostri
1478 831 1531 876 no-

285 927 378 992 minis
399 945 644 1011 nnumquemque
667 945 727 992 non
749 928 898 1002 moueret3
922 926 991 1010 quis
1013 929 1061 992 est
1083 927 1148 992 tam
1171 926 1252 993 tems
1275 927 1386 1005 animo,
1409 927 1534 992 1111111

284 1042 369 1108 omni
391 1043 509 1108 alienus
532 1042 724 1108 humanitate
747 1043 800 1127 qui
825 1042 934 1127 optimi
963 1042 1045 1127 regis
1068 1042 1152 1108 illius
1175 1042 1349 1122 infortunio,
1379 1045 1410 1108 et
1432 1043 1534 1107 tantae

284 1158 417 1224 nationis
434 1176 574 1241 suprema
589 1158 764 1224 calamitate
782 1156 821 1223 ad
836 1157 1077 1224 miscricordiam
1093 1176 1153 1223 non
1168 1159 1333 1236 moveatur,
1356 1155 1533 1242 praesertim

284 1293 354 1340 cum
377 1274 510 1358 cogitare
525 1275 630 1358 possit
653 1275 733 1340 inse
756 1292 873 1359 quoque
889 1274 937 1339 vol
959 1275 1096 1357 posteros
1119 1275 1199 1340 certe
1219 1293 1289 1338 suos
1312 1272 1439 1339 eandem
1454 1273 1534 1338 easi-

287 1391 344 1455 bus
373 1389 517 1469 bumanis
546 1391 695 1455 tributam
725 1409 791 1456 esse
821 1389 1012 1474 potestatem.
1059 1386 1145 1468 Quod
1174 1388 1342 1473 periculum
1371 1387 1483 1454 certius
1506 1391 1536 1452 et

286 1505 410 1590 gravius
433 1505 569 1572 futurum
592 1509 640 1572 cst
663 1507 690 1571 si
713 1505 920 1590 potentissimi
943 1506 1041 1571 hostis
1064 1504 1330 1585 11111111111111111Ἰ
1353 1505 1406 1590 qui
1429 1523 1461 1569 se
1484 1524 1533 1568 so·

287 1623 350 1689 luna
374 1641 477 1706 regem
501 1623 651 1688 1111111111
672 1622 704 1687 ct
726 1622 820 1687 alium
837 1623 991 1705 pinoteren
1014 1623 1178 1699 neminem,
1200 1620 1247 1685 via
1270 1622 1300 1685 et
1319 1619 1445 1685 audacia
1460 1639 1534 1704 quo-

286 1736 362 1804 tidie
383 1737 536 1822 prosperis
566 1757 667 1803 rernm
697 1737 856 1804 eventibus
886 1739 917 1802 et
945 1737 1116 1803 accessione
1146 1754 1308 1820 regnomm
1338 1737 1369 1802 et
1397 1737 1535 1820 gentium

287 1853 454 1938 augebitur.
470 1852 546 1920 -Sed
562 1853 599 1919 dc
614 1853 663 1919 his
680 1853 771 1918 scribi
786 1851 1001 1920 mandarimus
1015 1851 1126 1918 dilecto
1141 1851 1205 1919 filio
1220 1853 1316 1918 nobili
1330 1851 1396 1918 viro
1411 1851 1536 1918 biberto

287 1969 343 2036 Pio
366 1969 477 2035 comite
499 1966 603 2053 Carpi,
636 1969 781 2055 (Robertc
803 1967 955 2036 hcciaiolo
984 1970 1039 2034 etc.
1063 1969 1178 2035 Uberto
1200 1968 1237 2035 dc
1259 1966 1426 2051 (iambum)
1457 1987 1535 2033 nun·

287 2086 333 2152 cio
356 2085 436 2170 apud
457 2087 490 2151 te
511 2086 623 2164 nostro,
652 2086 684 2150 ct
706 2103 777 2151 cum
799 2083 910 2151 dilecto
931 2085 1008 2151 item
1037 2085 1101 2150 11111
1124 2083 1271 2170 Gregorio
1300 2084 1396 2169 equiti
1418 2081 1536 2150 0111111

287 2203 404 2267 oratore
426 2201 506 2285 apud
529 2219 584 2267 nos
606 2202 658 2267 tuo
680 2199 775 2267 locuti
790 2219 904 2280 sumus,
927 2203 963 2267 nt
984 2221 1054 2267 cnm
1077 2205 1159 2266 ser.ie
1179 2202 1234 2266 tua
1249 2200 1428 2284 diligentius
1443 2203 1537 2285 agant

289 2317 403 2383 nostris
425 2317 535 2392 verbis.
557 2317 668 2401 quibus
690 2316 745 2382 illa
767 2317 859 2382 fidem
882 2317 1015 2384 habebit.
1062 2317 1174 2382 Datum
1200 2317 1315 2382 Romae
1330 2317 1385 2382 etc.
1409 2316 1535 2380 1111111,

288 2431 367 2498 Julii
388 2433 518 2499 mdnvi
564 2432 653 2498 Anno
675 2432 774 2499 tertio.

378 2665 473 2731 Matri
495 2665 577 2749 regis
599 2664 857 2731 christianissimi
881 2703 925 2712 —
947 2663 1115 2750 Responsio
1137 2665 1177 2731 cd
1199 2665 1264 2730 cius
1286 2664 1407 2730 litteras
1422 2683 1440 2729 a
1456 2665 1536 2729 Ian·

289 2782 372 2866 gorio
395 2779 515 2848 allatas.
539 2820 583 2830 —
606 2781 663 2846 Die
686 2781 767 2847 xviii,
792 2780 980 2866 Septembris
1003 2780 1133 2847 mdnvi.
1178 2782 1267 2847 Anno
1289 2781 1387 2847 tertio.

883 3045 955 3110 183.

746 3209 832 3280 Regi
857 3209 1091 3268 Francorum.

379 3361 544 3428 Carissimo
560 3363 614 3427 etc.
648 3361 737 3427 Nihil
752 3364 908 3446 expectare
922 3361 1077 3446 poturimus
1093 3381 1111 3426 a
1126 3364 1179 3428 tua
1195 3368 1277 3429 ser.b
1298 3361 1432 3446 optatius
1448 3379 1538 3446 qnam

290 3479 370 3563 quod
392 3497 428 3544 ea
449 3478 588 3544 mitteret
610 3477 766 3543 hominem
789 3477 848 3543 sibi
871 3477 967 3544 fidum
989 3477 1169 3562 prudentem
1193 3479 1359 3558 strennuum,
1381 3476 1435 3561 qui
1456 3479 1488 3543 et
1502 3477 1540 3542 ad

291 3611 346 3660 nos
369 3593 406 3658 de
429 3611 485 3658 sna
507 3593 624 3677 optima
653 3611 726 3678 erga
748 3611 803 3658 nos
826 3594 982 3659 voluntate
1011 3595 1163 3659 recentem
1185 3593 1331 3658 nuncium
1360 3591 1488 3673 11111111,
1511 3593 1541 3659 ct

290 3729 339 3776 ras
362 3708 471 3774 Italiae
494 3727 553 3794 qno
575 3709 609 3773 in
634 3711 717 3774 statu
740 3709 811 3788 sint
841 3729 984 3792 praesens
1007 3709 1073 3792 ipsc
1102 3710 1314 3794 specularetur.
1361 3707 1540 3792 Quanquam

291 3824 328 3892 de
351 3825 555 3892 benivolentia
577 3826 631 3890 tua
653 3843 725 3909 erga
747 3843 812 3904 nos,
835 3826 919 3891 nullo
942 3825 1051 3892 nuncio
1073 3826 1246 3910 egebamus.
1292 3823 1363 3890 Non
1377 3825 1460 3890 enim
1482 3824 1539 3891 du-

292 3941 426 4007 bitamus
449 3939 523 4024 quin
544 3942 580 4006 tu
602 3959 675 4026 erge
697 3959 752 4007 nos
775 3959 810 4006 eo
833 3941 935 4006 animo
950 3960 1033 4008 esses
1056 3961 1115 4027 quo
1138 3960 1210 4026 erga
1225 3941 1400 4024 pontificem
1422 3939 1469 4006 tui
1484 3940 1539 4005 ho·

291 4057 374 4124 noris
396 4056 530 4123 nominis
553 4055 716 4141 dignitatis
731 4057 980 4123 amantissimum
1003 4077 1070 4125 esse
1093 4057 1225 4124 deberes.
1271 4058 1317 4124 Dc
1339 4059 1403 4124 toto
1418 4056 1540 4141 quidem

292 4173 368 4239 belli
389 4174 420 4238 et
442 4189 544 4238 rernm
565 4174 741 4239 nostrarum
760 4174 851 4252 statu,
875 4175 965 4258 atque
988 4173 1025 4240 de
1039 4193 1074 4240 eo
1097 4175 1184 4256 bello,
1201 4174 1280 4259 quod
1295 4173 1354 4240 etsi
1372 4173 1541 4239 eommunis

291 4289 401 4355 ltaliae
423 4291 454 4354 et
476 4287 712 4355 christianitatis
736 4288 887 4355 commodi
909 4309 1000 4356 cansa
1016 4292 1174 4375 sumptum
1196 4293 1258 4372 est,
1283 4289 1416 4356 maxima
1438 4291 1542 4356 111111

292 4423 327 4471 11
349 4407 436 4490 parts
458 4403 497 4471 ad
519 4403 755 4488 amplitudinem
777 4422 895 4489 qnoque
918 4407 1003 4472 tuam
1026 4407 1272 4486 conservandam,
1294 4407 1326 4472 et
1347 4405 1475 4490 pignora
1490 4407 1543 4470 tura

293 4519 350 4604 tibi
366 4519 568 4605 recuperande
591 4521 638 4587 est
654 4521 844 4606 susceptum
868 4523 1081 4606 gratissimum
1096 4525 1185 4590 nobis
1208 4523 1267 4590 fait
1282 4521 1427 4588 dilectum
1443 4521 1542 4588 hlium
