3346 5084
696 347 940 416 -483-

280 545 425 612 Presente
447 545 529 612 dicto
552 567 574 610 r.
591 545 714 612 domino
729 545 848 612 Jcanne
869 546 960 613 Petro
978 545 1115 612 Ferretto
1137 546 1330 629 procuratore
1352 546 1441 612 ante·

190 665 271 731 dicto
294 667 325 732 et
354 663 499 746 predictis
529 663 663 728 instante
693 664 724 728 et
753 665 873 747 petente
902 661 1095 747 pronunciari
1124 663 1155 728 et
1184 661 1331 729 declarari
1359 661 1442 728 dicta

191 783 384 864 transumpta
399 779 572 846 concordari
594 779 718 845 inventa
734 799 803 844 cum
828 779 919 846 dictis
933 778 1064 862 propriis
1088 778 1289 863 originalibus
1313 779 1344 843 et
1362 777 1439 844 scri-

189 899 289 981 pturis
312 897 439 980 repertis
461 897 494 962 in
517 897 597 962 dicto
621 895 755 962 archivio
777 897 898 979 publico
922 896 1016 961 fuisse
1035 896 1067 960 et
1081 913 1147 960 esse
1171 893 1441 978 auctoritatemque

189 1014 304 1097 pariter
326 1015 357 1078 et
379 1012 533 1079 decretum
560 1012 671 1096 prefati
701 1011 817 1078 domini
846 1012 1008 1096 potestatis
1030 1013 1062 1077 et
1084 1010 1289 1077 commissarii
1311 1029 1347 1076 ac
1370 1028 1440 1074 ma·

188 1129 309 1194 iestetis
332 1147 488 1194 caesareae
510 1128 662 1212 interponi
683 1129 768 1193 omni
789 1127 910 1194 meliori
932 1127 1021 1193 modo
1037 1129 1092 1193 etc.
1109 1129 1139 1192 et
1161 1125 1266 1192 hocin
1288 1125 1441 1211 presentia

189 1245 300 1328 prelati
322 1245 439 1311 domini
461 1243 582 1310 Nicolai
604 1243 806 1328 procuratoris
828 1243 957 1327 predicti
978 1243 1022 1308 ill.
1045 1242 1162 1309 domini
1184 1242 1270 1308 ducis
1291 1241 1440 1326 presentis

187 1365 218 1428 et
240 1362 401 1428 audientis.

277 1475 337 1558 Qui
360 1478 542 1562 magnificus
565 1477 592 1544 d.
615 1477 751 1560 potestas
775 1477 805 1542 et
820 1476 1050 1543 commissarius
1073 1477 1108 1541 ut
1132 1494 1223 1559 supra
1246 1473 1354 1541 sedens
1369 1493 1439 1559 pre-

189 1595 270 1660 dicte
293 1594 421 1660 admisit
443 1594 471 1658 si
494 1595 525 1658 et
547 1594 579 1659 in
602 1595 760 1677 quantum,
790 1593 820 1659 et
843 1592 918 1658 visis
941 1591 1082 1670 testibus,
1112 1589 1293 1658 examinatis
1316 1591 1348 1657 et
1370 1589 1440 1656 aliis

187 1711 260 1776 hinc
282 1709 405 1776 atinde
428 1703 584 1792 produ'ctis
608 1711 639 1774 et
662 1709 728 1775 uisa
758 1709 942 1775 extractione
965 1707 1116 1774 dictamm
1147 1707 1366 1791 scripturamm
1388 1725 1441 1790 per

186 1827 353 1910 ipsummet
382 1826 410 1891 d.
442 1825 688 1890 commissarium
711 1845 746 1890 ex
777 1824 858 1890 dicto
882 1823 1015 1889 archivio
1046 1842 1098 1888 seu
1121 1823 1281 1908 cartilogio
1303 1841 1438 1906 pronun-

186 1941 278 2007 ciavit
301 1943 331 2008 et
354 1941 519 2007 declaravit
541 1940 895 2024 predictatrensumpta
918 1938 1092 2005 concordari
1121 1956 1191 2003 cum
1214 1938 1305 2004 dictis
1327 1936 1439 2003 matri-

186 2059 271 2124 cibus
295 2058 507 2124 auctoritatem
530 2055 744 2122 instrumentis
777 2055 984 2121 monumentis
1014 2054 1203 2121 documentis
1225 2054 1258 2120 et
1280 2051 1439 2135 scripturis

185 2176 317 2241 inventis
332 2180 365 2240 in
381 2173 461 2240 dicto
477 2173 550 2252 loce,
575 2176 604 2238 et
621 2173 842 2249 auctoritatem,
866 2172 897 2236 ct
919 2171 1073 2237 decretum
1089 2189 1188 2249 suum,
1210 2171 1242 2236 et
1263 2168 1338 2234 dicti
1353 2187 1440 2242 com·⁸

185 2291 378 2358 missariatus
397 2289 539 2355 videlicet
560 2307 715 2354 caesareae
741 2286 913 2354 maiestatis
932 2287 1115 2370 interposuit
1132 2286 1162 2351 et
1180 2286 1274 2352 fidem
1288 2284 1438 2350 adhiben-

184 2407 256 2472 dam
275 2407 369 2472 iuisse
383 2407 416 2472 et
439 2424 506 2470 esse
529 2404 562 2469 in
585 2404 696 2469 iudicio
712 2407 743 2468 et
765 2407 848 2469 extra
872 2403 1015 2468 similiter
1037 2402 1249 2486 pronunciavit
1264 2399 1348 2466 omni
1367 2419 1435 2466 me·

183 2522 253 2589 lieri
277 2522 366 2588 modo
390 2497 446 2587 etc.

272 2638 417 2704 Prosente
441 2637 521 2702 dicto
544 2634 572 2701 d.
589 2634 717 2701 Nicolao
740 2635 822 2701 dicto
837 2635 959 2701 nomine
981 2637 1014 2701 et
1035 2633 1199 2700 inherendo
1215 2631 1357 2698 omnibus
1379 2631 1434 2698 de-

183 2755 291 2834 ductis,
309 2754 346 2820 'ot
368 2753 499 2836 exceptis
529 2770 583 2836 per
605 2771 674 2816 eum
705 2751 824 2818 dicente
852 2771 914 2818 non
943 2750 1113 2817 consentire
1142 2750 1289 2834 predictis
1317 2749 1379 2816 nisi
1401 2750 1435 2815 in

181 2872 266 2953 parte
291 2871 322 2935 et
343 2869 482 2952 partibus
506 2867 635 2934 faciente
656 2885 711 2950 pro
733 2867 778 2933 ill.
802 2867 829 2932 d.
854 2867 928 2934 duce
950 2866 1112 2951 principali
1135 2886 1197 2932 suo.

269 2987 347 3051 Acta
371 2985 492 3050 fuerunt
514 2983 589 3049 haec
612 2982 715 3050 omnia
738 2982 911 3066 supradicta
938 2983 970 3048 in
993 2982 1118 3048 civitate
1141 2983 1303 3048 Ravennae
1326 2982 1359 3048 in
1381 2999 1432 3048 ec-

179 3101 272 3166 clesia
295 3099 462 3166 cathedrali
486 3087 538 3165 seu
555 3099 788 3182 metropolitana
807 3099 1001 3182 presentibus
1024 3097 1188 3183 magnifico
1203 3098 1326 3164 domino
1340 3097 1432 3164 Petro

181 3215 345 3299 Sperindeo
368 3215 404 3280 de
427 3216 510 3280 Fano
534 3265 1070 3280 ..................
1094 3211 1131 3279 de
1152 3214 1226 3279 urbe
1249 3212 1277 3280 d
1293 3211 1432 3282 Comeho

180 3331 356 3397 Monaldino
380 3331 523 3397 canonico
548 3333 669 3396 sanctae
692 3329 880 3396 Ravennatis
903 3331 1055 3409 ecclesiae,
1083 3332 1114 3396 et
1136 3330 1236 3396 donno
1258 3329 1380 3397 Bellino
1403 3352 1431 3416 q.

179 3447 354 3514 Molchioris
376 3447 504 3512 Ranrrtii
532 3445 639 3514 clerico
662 3447 888 3514 Ravennatansi
910 3446 1041 3512 testibus
1064 3446 1102 3512 ad
1125 3445 1260 3530 predicta
1282 3445 1431 3514 adhibitis

181 3564 294 3630 vocatis
318 3563 490 3647 specialiter
511 3563 602 3646 atque
625 3563 749 3647 rogatis.

267 3681 307 3746 ut
329 3698 385 3764 ego
407 3679 542 3744 Joennes
565 3679 744 3744 Franciscus
766 3679 937 3760 Benincasa
959 3678 1096 3744 noterius
1119 3697 1147 3762 p.
1166 3678 1291 3762 rogatus
1314 3680 1369 3744 etc.

267 3797 306 3860 iit
329 3813 385 3880 ego
407 3794 541 3860 Joennes
564 3793 697 3859 lacobus
721 3793 804 3858 filius
832 3813 859 3877 q.
884 3794 1050 3878 supradicti
1071 3794 1099 3859 d.
1123 3793 1252 3860 loannis
1274 3793 1430 3860 Francisci

178 3910 450 3978 llenincasaecivis
460 3911 703 3975 Ravennatensis
718 3909 858 3992 publicus
874 3899 1382 3992 apostolicaauctoritatsnoterius,
1398 3912 1431 3977 et

176 4027 265 4092 iudex
294 4025 464 4091 ordinarius
496 4024 685 4108 supradictos
708 4043 866 4108 processus
888 4025 940 4092 iol
964 4043 1010 4091 no.
1035 4029 1075 4094 31
1101 4044 1135 4090 ex
1162 4025 1259 4109 ipsius
1288 4025 1428 4111 prefatiq.

176 4141 284 4225 primis
300 4141 362 4207 mei
376 4139 543 4226 rogatibus,
566 4140 596 4204 et
612 4141 807 4224 prothocollis
823 4141 1025 4207 transcribere
1048 4140 1105 4207 feci
1121 4141 1221 4206 aliena
1234 4159 1329 4208 manu
1349 4141 1428 4209 mihi

175 4256 236 4321 fida
259 4257 295 4321 dc
319 4256 408 4321 verbo
439 4255 477 4321 ad
507 4257 633 4321 verbum
663 4259 752 4339 prout
781 4257 868 4336 iacet
892 4257 937 4322 nil
967 4255 1070 4322 addito
1101 4257 1148 4322 vel
1171 4255 1323 4323 diminuto
1346 4255 1426 4341 quod

176 4392 300 4439 sensum
327 4375 427 4438 mutet
454 4372 503 4437 vel
532 4372 629 4438 variet
657 4372 848 4439 intellectum
870 4392 906 4439 ex
929 4372 1108 4438 auctoritate
1138 4371 1217 4438 mihi
1244 4389 1427 4438 concessae

173 4488 336 4575 magnifico
360 4487 387 4554 d.
410 4490 561 4572 potestate
584 4489 745 4555 Ravemae
767 4488 889 4554 leuandi
912 4491 943 4554 et
965 4486 1195 4554 authenticandi
1217 4506 1422 4574 quoscumque

1199 4594 1260 4664 31*
