3366 5084
788 303 1011 374 ,μω-

270 496 364 566 ealuti
376 498 417 566 ot
440 497 597 566 seemitati
618 501 739 567 nostrae
762 501 918 586 providere
941 503 1129 584 deberemus,
1151 523 1314 589 regemque
1336 503 1441 590 ipsum
1463 502 1523 572 fido

268 617 458 703 obstringere
479 615 559 682 nihil
581 616 620 681 ab
643 635 677 682 eo
700 618 792 684 nobis
810 639 907 704 neque
930 621 1044 686 nostris
1060 621 1167 687 damni
1189 620 1252 686 fore
1275 621 1410 688 illatum.
1441 622 1525 688 Haec

268 733 357 800 nobis
371 717 593 818 'cogitantibus'
609 733 640 798 et
658 733 821 818 diligenter
843 753 879 801 ac
900 737 1003 802 erecte
1017 737 1262 803 consultantibus
1285 757 1323 803 ne
1347 737 1421 821 quid
1443 756 1522 804 nova

267 850 425 917 conventio
447 849 591 916 adversus
606 850 722 916 veteres
740 852 772 916 et
793 851 882 917 nobis
905 853 1102 919 charissimas
1118 853 1343 919 coniunctiones
1367 852 1522 919 videretur

267 967 387 1046 aliems,
417 985 484 1033 occe
513 966 552 1031 sd
574 984 629 1032 nos
658 966 779 1033 litterae
808 969 989 1034 venerabilis
1019 968 1125 1034 fratris
1155 968 1275 1035 Nicolai
1298 969 1517 1054 archiepiscopi

269 1081 406 1167 Capuaui
427 1083 532 1149 nuncii
546 1083 645 1148 nostri
659 1083 771 1148 allatae
795 1086 874 1163 sunt,
890 1085 1070 1151 nunciantes
1087 1085 1282 1151 serenitatem
1305 1105 1422 1170 quoque
1437 1088 1523 1152 tuam

268 1199 307 1266 ad
329 1199 414 1285 pacis
436 1199 538 1264 studia
559 1199 740 1265 inclinatam
763 1201 794 1264 et
815 1218 997 1284 propensam
1019 1220 1101 1277 esso;
1125 1220 1239 1268 cavos
1261 1201 1350 1267 nobis
1373 1204 1521 1286 tanquam

268 1317 305 1383 de
327 1316 390 1382 celo
420 1315 517 1382 missa
539 1335 644 1381 omnes
667 1315 765 1380 animi
792 1317 890 1381 nostri
919 1315 1126 1383 dubitationes
1156 1319 1187 1382 et
1216 1317 1437 1384 sollicitudines
1461 1320 1519 1384 ab·

268 1432 382 1512 stersit,
405 1432 536 1518 fecitque
557 1433 593 1496 ut
621 1430 701 1515 quod
723 1431 892 1497 necessario
915 1433 1013 1498 facere
1036 1433 1226 1517 cogebamur,
1256 1432 1399 1499 fidentius
1427 1435 1522 1501 etiam

266 1549 442 1626 faceremus,
471 1545 779 1631 conlocutionibusque
808 1548 966 1631 cumipse
988 1568 1061 1632 rego
1082 1549 1268 1614 Francorum
1289 1549 1377 1614 initis
1407 1569 1519 1616 consu-

266 1665 399 1730 leremus
427 1661 646 1746 tranquillitati
674 1663 804 1741 nostrae,
834 1681 869 1727 ac
899 1663 926 1728 si
954 1664 1011 1729 hoc
1040 1665 1212 1730 communis
1240 1665 1325 1748 pacis
1355 1685 1410 1749 per
1433 1668 1519 1734 tuam

266 1779 492 1845 humanitatem
514 1778 545 1843 st
560 1777 743 1861 sapientiam
765 1777 838 1844 felix
853 1779 1023 1862 auspicium
1045 1781 1127 1845 osset
1141 1780 1236 1846 etiam
1248 1779 1411 1848 'universae
1433 1782 1518 1847 chri·

268 1896 385 1961 sbanao
414 1892 605 1977 reipublicae.
651 1893 692 1958 ut
719 1893 911 1977 providemus
942 1895 1065 1979 quidem
1094 1897 1157 1962 fore
1188 1895 1240 1980 qui
1270 1915 1356 1962 secus
1386 1898 1467 1982 apud
1488 1900 1520 1963 te

266 2011 407 2078 nostrum
421 2008 561 2075 animum
575 2008 796 2092 consiliumque
817 2009 1063 2093 interpretentur,
1086 2011 1244 2095 multaque
1266 2010 1300 2077 in
1316 2010 1519 2095 suspicionem

266 2125 392 2191 trahant
413 2143 490 2209 quae
519 2124 649 2189 aliorum
670 2124 759 2208 culpa
788 2125 928 2190 fortassis
958 2125 1146 2203 accideruut3
1178 2127 1231 2192 sed
1253 2145 1308 2193 nos
1331 2126 1432 2194 Deum
1461 2129 1517 2193 ad-

267 2243 409 2307 vocantes
438 2240 571 2307 sincerae
602 2239 715 2304 montis
744 2241 866 2306 nostrae
895 2241 1007 2306 testem
1039 2240 1196 2306 serenitati
1224 2243 1295 2306 tuas
1318 2242 1517 2323 affirmamus,

266 2376 322 2423 nos
344 2374 401 2422 nec
421 2355 558 2440 privatae
580 2355 674 2420 ullius
697 2354 843 2420 utilitatis
866 2373 983 2434 caussa,
1006 2374 1061 2421 uec
1076 2355 1145 2422 odio
1168 2357 1361 2441 cuiusquam,
1386 2358 1440 2424 sed
1462 2379 1517 2424 no·

267 2472 409 2538 cessitate
432 2472 464 2536 st
485 2471 523 2536 ob
546 2470 715 2536 nubtatem
730 2470 883 2553 publicam
899 2471 1042 2556 pacisque
1065 2474 1097 2538 et
1111 2472 1223 2556 quietis
1239 2471 1376 2538 studium
1391 2473 1429 2538 ad
1444 2474 1519 2540 haec

164 2671 168 2681 Ι
266 2588 394 2655 consilia
416 2586 562 2652 adductos
591 2605 674 2662 ssso;
705 2604 878 2670 quanquam
908 2585 976 2670 ipsa
999 2587 1202 2670 capitulorum
1224 2590 1255 2654 et
1284 2589 1518 2655 conventionum

264 2704 395 2770 formula
416 2702 506 2769 facile
527 2703 687 2786 aperteque
709 2701 898 2768 domonstrat
921 2721 979 2786 quo
1001 2721 1057 2768 uos
1080 2704 1183 2768 animo
1206 2705 1237 2769 et
1259 2723 1319 2788 qua
1341 2705 1373 2770 in
1392 2724 1514 2771 omnem

265 2822 384 2904 partem
407 2817 556 2884 modestia
585 2817 663 2883 nibil
687 2817 926 2901 quaesiverimus
949 2817 1033 2883 aliud
1056 2818 1118 2883 nisi
1138 2818 1231 2885 fidem
1254 2820 1285 2884 et
1308 2820 1517 2896 securitatem

265 2936 303 3002 de
323 2936 429 3000 nostra
451 2952 521 3001 vero
544 2953 617 3018 erga
638 2934 670 2998 tc
692 2933 845 2998 constanti
867 2935 899 2998 et
920 2933 1031 2998 eximia
1047 2935 1202 3000 voluntate
1225 2954 1286 3000 non
1302 2937 1401 3001 solum
1422 2935 1457 3002 in
1470 2938 1516 3002 eis

262 3051 340 3135 ipsis
362 3049 505 3133 capitulis
527 3049 607 3114 clare
630 3047 806 3131 profitemur
828 3048 881 3114 sed
904 3050 1054 3115 testamur
1076 3051 1170 3115 etiam
1193 3069 1249 3115 nos
1272 3070 1411 3116 summae
1433 3053 1514 3117 arui-

263 3165 354 3232 citiae
382 3165 474 3231 tidem
503 3164 562 3231 tibi
591 3183 710 3247 semper
738 3164 937 3248 praestituros
966 3185 1021 3230 nec
1051 3185 1069 3230 a
1092 3165 1221 3248 pristino
1251 3183 1353 3232 amore
1382 3186 1456 3251 erga
1486 3169 1517 3232 te

264 3299 399 3366 unquam
428 3280 622 3348 discessuros.
668 3279 798 3346 Utinam
820 3279 915 3345 ctiam
944 3281 1136 3347 auctoritatis
1166 3281 1283 3366 aliquid
1311 3283 1363 3346 tuo
1393 3282 1516 3349 nomine

263 3397 343 3480 apud
365 3399 434 3462 tuos
456 3396 508 3462 bic
529 3397 726 3462 haberemus:
755 3395 875 3480 quando
898 3396 980 3461 enim
1011 3415 1165 3463 armorum
1188 3396 1276 3462 nobis
1299 3396 1513 3464 tractationem

262 3515 294 3578 et
315 3511 453 3579 debitum
482 3514 622 3578 nostrum
651 3512 682 3576 et
703 3511 806 3595 iuopia
835 3529 896 3576 uon
925 3513 1086 3594 permittit
1115 3532 1293 3578 conaremur
1315 3532 1363 3578 res
1387 3515 1456 3578 tuas
1479 3514 1513 3580 in

263 3628 355 3693 Italia
377 3607 600 3696 conditionibus
616 3627 813 3702 constituere;
829 3626 909 3710 quod
931 3629 1034 3693 tarum
1050 3627 1298 3712 quandocumque
1320 3627 1413 3694 fuerit
1427 3629 1516 3695 nobis

261 3743 369 3810 datum
391 3741 486 3816 omni*
503 3761 575 3808 cura
597 3743 628 3806 st
657 3741 757 3807 studio
781 3761 870 3825 agere
892 3762 954 3808 non
976 3743 1166 3809 desistemus.
1218 3743 1284 3809 Tua
1308 3743 1455 3810 serenitas
1479 3748 1514 3811 ut

262 3839 487 3924 necessitatem
506 3858 644 3922 nostram
666 3859 698 3922 ot
720 3859 872 3941 optimum
900 3858 1038 3924 animum
1062 3878 1224 3943 agnoscere
1247 3860 1394 3944 nobisque
1417 3860 1513 3927 etiam

263 3973 407 4039 assistere
429 3974 460 4037 et
489 3991 557 4037 esse
586 3972 761 4038 adiumento
785 3972 825 4037 ad
853 3974 1027 4057 generalem
1056 3993 1162 4058 pacem
1192 3975 1410 4043 conficiendam
1440 3977 1517 4043 velit

262 4088 348 4153 cuius
368 4088 403 4154 in
424 4107 460 4154 aa
481 4087 678 4171 potissimum
695 4088 930 4172 componendae
958 4092 1006 4154 est
1027 4092 1171 4173 potestas,
1195 4069 1283 4156 illam
1305 4092 1400 4158 otiam
1422 4093 1513 4177 atque

261 4203 356 4268 etiam
377 4202 411 4268 in
425 4202 557 4269 Domino
573 4204 770 4281 obtestamur,
794 4205 873 4269 sicut
888 4203 981 4269 latius
1004 4223 1074 4270 cum
1089 4224 1125 4271 ea
1140 4207 1253 4272 nostris
1270 4207 1370 4272 verbis
1385 4207 1514 4275 ddecus

261 4319 297 4384 fr.
312 4317 335 4383 J
335 4337 360 4384 o.
377 4315 499 4384 Coreius
514 4319 708 4385 liorontinns
724 4321 824 4385 orator
838 4322 918 4404 aget
940 4320 991 4385 cni
1004 4319 1097 4386 fidem
1113 4321 1247 4388 habebit
1269 4322 1385 4388 Datum
1400 4323 1515 4390 Romae

261 4432 311 4501 dio
333 4453 361 4501 v.
384 4433 525 4501 Januarii
546 4434 666 4500 mdxxv.
711 4435 800 4502 Anno
824 4435 961 4503 secundo.
