<?xml version="1.0" encoding="UTF-8"?>
<!DOCTYPE html PUBLIC "-//W3C//DTD XHTML 1.0 Transitional//EN"
    "http://www.w3.org/TR/xhtml1/DTD/xhtml1-transitional.dtd">
<html xmlns="http://www.w3.org/1999/xhtml" xml:lang="en" lang="en">
 <head>
  <title>
</title>
<meta http-equiv="Content-Type" content="text/html;charset=utf-8" />
  <meta name='ocr-system' content='tesseract 3.04.00' />
  <meta name='ocr-capabilities' content='ocr_page ocr_carea ocr_par ocr_line ocrx_word'/>
</head>
<body>
  <div class='ocr_page' id='page_1' title='image "./monumentasaecul00clemgoog_0125.png"; bbox 0 0 3400 5088; ppageno 0'>
   <div class='ocr_carea' id='block_1_1' title="bbox 801 305 1042 376">
    <p class='ocr_par' dir='ltr' id='par_1_1' title="bbox 801 305 1042 376">
     <span class='ocr_line' id='line_1_1' title="bbox 801 305 1042 376; baseline -0.012 0"><span class='ocrx_word' id='word_1_1' title='bbox 801 305 1042 376; x_wconf 80' lang='lat'>-108-</span> 
     </span>
    </p>
   </div>
   <div class='ocr_carea' id='block_1_2' title="bbox 286 507 1546 2785">
    <p class='ocr_par' dir='ltr' id='par_1_2' title="bbox 719 507 1127 690">
     <span class='ocr_line' id='line_1_2' title="bbox 896 507 946 572; baseline -0.04 0"><span class='ocrx_word' id='word_1_2' title='bbox 896 507 946 572; x_wconf 84' lang='lat' dir='ltr'><strong>io.</strong></span> 
     </span>
     <span class='ocr_line' id='line_1_3' title="bbox 719 630 1127 690; baseline -0.007 0"><span class='ocrx_word' id='word_1_3' title='bbox 719 631 918 690; x_wconf 85' lang='lat' dir='ltr'><strong>Marehioni</strong></span> <span class='ocrx_word' id='word_1_4' title='bbox 941 630 1127 690; x_wconf 77' lang='lat' dir='ltr'><strong>piscariae.</strong></span> 
     </span>
    </p>

    <p class='ocr_par' dir='ltr' id='par_1_3' title="bbox 286 733 1546 2785">
     <span class='ocr_line' id='line_1_4' title="bbox 383 733 1544 806; baseline -0.005 -2"><span class='ocrx_word' id='word_1_5' title='bbox 383 739 503 805; x_wconf 86' lang='lat' dir='ltr'><strong>Dilecto</strong></span> <span class='ocrx_word' id='word_1_6' title='bbox 525 739 578 806; x_wconf 91' lang='lat' dir='ltr'><strong>fili.</strong></span> <span class='ocrx_word' id='word_1_7' title='bbox 625 738 699 804; x_wconf 85' lang='lat' dir='ltr'><strong>Cum</strong></span> <span class='ocrx_word' id='word_1_8' title='bbox 723 740 869 806; x_wconf 85' lang='lat' dir='ltr'><strong>dilectum</strong></span> <span class='ocrx_word' id='word_1_9' title='bbox 891 741 990 805; x_wconf 89' lang='lat' dir='ltr'><strong>filium</strong></span> <span class='ocrx_word' id='word_1_10' title='bbox 1006 738 1228 804; x_wconf 88' lang='lat' dir='ltr'><strong>Bemardinum</strong></span> <span class='ocrx_word' id='word_1_11' title='bbox 1245 733 1458 802; x_wconf 81' lang='lat' dir='ltr'><strong>Castellacium</strong></span> <span class='ocrx_word' id='word_1_12' title='bbox 1481 733 1544 798; x_wconf 90' lang='lat' dir='ltr'><strong>ele-</strong></span> 
     </span>
     <span class='ocr_line' id='line_1_5' title="bbox 294 849 1546 939; baseline -0.006 -19"><span class='ocrx_word' id='word_1_13' title='bbox 294 856 378 921; x_wconf 86' lang='lat' dir='ltr'><strong>ctum</strong></span> <span class='ocrx_word' id='word_1_14' title='bbox 402 855 595 923; x_wconf 87' lang='lat' dir='ltr'><strong>Casaleusem</strong></span> <span class='ocrx_word' id='word_1_15' title='bbox 618 855 656 920; x_wconf 88' lang='lat' dir='ltr'><strong>od</strong></span> <span class='ocrx_word' id='word_1_16' title='bbox 680 875 732 921; x_wconf 85' lang='lat' dir='ltr'><strong>vos</strong></span> <span class='ocrx_word' id='word_1_17' title='bbox 755 857 835 922; x_wconf 88' lang='lat' dir='ltr'><strong>istuc</strong></span> <span class='ocrx_word' id='word_1_18' title='bbox 864 857 1088 922; x_wconf 75' lang='lat' dir='ltr'><strong>remitteremus</strong></span> <span class='ocrx_word' id='word_1_19' title='bbox 1111 855 1184 939; x_wconf 91' lang='lat' dir='ltr'><strong>quid</strong></span> <span class='ocrx_word' id='word_1_20' title='bbox 1213 852 1310 919; x_wconf 89' lang='lat' dir='ltr'><strong>nostri</strong></span> <span class='ocrx_word' id='word_1_21' title='bbox 1333 851 1374 916; x_wconf 83' lang='lat' dir='ltr'><strong>sit</strong></span> <span class='ocrx_word' id='word_1_22' title='bbox 1396 849 1493 916; x_wconf 88' lang='lat' dir='ltr'><strong>animi</strong></span> <span class='ocrx_word' id='word_1_23' title='bbox 1514 851 1546 914; x_wconf 92' lang='lat' dir='ltr'><strong>et</strong></span> 
     </span>
     <span class='ocr_line' id='line_1_6' title="bbox 294 969 1545 1057; baseline -0.004 -21"><span class='ocrx_word' id='word_1_24' title='bbox 294 971 427 1054; x_wconf 79' lang='lat' dir='ltr'><strong>optimae</strong></span> <span class='ocrx_word' id='word_1_25' title='bbox 449 991 523 1057; x_wconf 86' lang='lat' dir='ltr'><strong>erga</strong></span> <span class='ocrx_word' id='word_1_26' title='bbox 546 973 740 1039; x_wconf 78' lang='lat' dir='ltr'><strong>serenitatem</strong></span> <span class='ocrx_word' id='word_1_27' title='bbox 764 992 936 1040; x_wconf 80' lang='lat' dir='ltr'><strong>caesaream</strong></span> <span class='ocrx_word' id='word_1_28' title='bbox 959 975 990 1040; x_wconf 92' lang='lat' dir='ltr'><strong>et</strong></span> <span class='ocrx_word' id='word_1_29' title='bbox 1011 992 1065 1038; x_wconf 84' lang='lat' dir='ltr'><strong>ros</strong></span> <span class='ocrx_word' id='word_1_30' title='bbox 1088 991 1194 1038; x_wconf 90' lang='lat' dir='ltr'><strong>omnes</strong></span> <span class='ocrx_word' id='word_1_31' title='bbox 1218 969 1384 1036; x_wconf 83' lang='lat' dir='ltr'><strong>voluntatis</strong></span> <span class='ocrx_word' id='word_1_32' title='bbox 1406 969 1545 1032; x_wconf 86' lang='lat' dir='ltr'><strong>aoourate</strong></span> 
     </span>
     <span class='ocr_line' id='line_1_7' title="bbox 293 1083 1545 1172; baseline -0.004 -20"><span class='ocrx_word' id='word_1_33' title='bbox 293 1089 324 1153; x_wconf 91' lang='lat' dir='ltr'><strong>ot</strong></span> <span class='ocrx_word' id='word_1_34' title='bbox 347 1087 509 1172; x_wconf 81' lang='lat' dir='ltr'><strong>diligenter</strong></span> <span class='ocrx_word' id='word_1_35' title='bbox 538 1088 731 1169; x_wconf 83' lang='lat' dir='ltr'><strong>instructum,</strong></span> <span class='ocrx_word' id='word_1_36' title='bbox 761 1090 974 1156; x_wconf 83' lang='lat' dir='ltr'><strong>mandavimus</strong></span> <span class='ocrx_word' id='word_1_37' title='bbox 997 1090 1045 1156; x_wconf 87' lang='lat' dir='ltr'><strong>illi</strong></span> <span class='ocrx_word' id='word_1_38' title='bbox 1067 1091 1103 1155; x_wconf 92' lang='lat' dir='ltr'><strong>ut</strong></span> <span class='ocrx_word' id='word_1_39' title='bbox 1124 1088 1225 1154; x_wconf 87' lang='lat' dir='ltr'><strong>verbis</strong></span> <span class='ocrx_word' id='word_1_40' title='bbox 1254 1083 1367 1152; x_wconf 75' lang='lat' dir='ltr'><strong>nostis</strong></span> <span class='ocrx_word' id='word_1_41' title='bbox 1397 1083 1545 1150; x_wconf 84' lang='lat' dir='ltr'><strong>conferret</strong></span> 
     </span>
     <span class='ocr_line' id='line_1_8' title="bbox 292 1200 1542 1291; baseline -0.003 -23"><span class='ocrx_word' id='word_1_42' title='bbox 292 1223 362 1268; x_wconf 88' lang='lat' dir='ltr'><strong>eum</strong></span> <span class='ocrx_word' id='word_1_43' title='bbox 384 1203 544 1270; x_wconf 87' lang='lat' dir='ltr'><strong>nobilitate</strong></span> <span class='ocrx_word' id='word_1_44' title='bbox 568 1207 621 1270; x_wconf 91' lang='lat' dir='ltr'><strong>tua</strong></span> <span class='ocrx_word' id='word_1_45' title='bbox 636 1206 754 1282; x_wconf 81' lang='lat' dir='ltr'><strong>omnia3</strong></span> <span class='ocrx_word' id='word_1_46' title='bbox 777 1206 894 1291; x_wconf 90' lang='lat' dir='ltr'><strong>tibique</strong></span> <span class='ocrx_word' id='word_1_47' title='bbox 916 1206 954 1273; x_wconf 93' lang='lat' dir='ltr'><strong>de</strong></span> <span class='ocrx_word' id='word_1_48' title='bbox 976 1208 1046 1272; x_wconf 87' lang='lat' dir='ltr'><strong>tuae</strong></span> <span class='ocrx_word' id='word_1_49' title='bbox 1069 1205 1197 1272; x_wconf 82' lang='lat' dir='ltr'><strong>eximiae</strong></span> <span class='ocrx_word' id='word_1_50' title='bbox 1212 1201 1336 1270; x_wconf 82' lang='lat' dir='ltr'><strong>uirtutis</strong></span> <span class='ocrx_word' id='word_1_51' title='bbox 1358 1200 1447 1267; x_wconf 89' lang='lat' dir='ltr'><strong>laude</strong></span> <span class='ocrx_word' id='word_1_52' title='bbox 1469 1219 1542 1285; x_wconf 87' lang='lat' dir='ltr'><strong>gra·</strong></span> 
     </span>
     <span class='ocr_line' id='line_1_9' title="bbox 293 1316 1544 1408; baseline -0.003 -24"><span class='ocrx_word' id='word_1_53' title='bbox 293 1319 450 1400; x_wconf 80' lang='lat' dir='ltr'><strong>tularetur,</strong></span> <span class='ocrx_word' id='word_1_54' title='bbox 473 1323 522 1388; x_wconf 92' lang='lat' dir='ltr'><strong>oui</strong></span> <span class='ocrx_word' id='word_1_55' title='bbox 544 1341 600 1388; x_wconf 89' lang='lat' dir='ltr'><strong>nos</strong></span> <span class='ocrx_word' id='word_1_56' title='bbox 623 1341 740 1408; x_wconf 86' lang='lat' dir='ltr'><strong>quoque</strong></span> <span class='ocrx_word' id='word_1_57' title='bbox 762 1325 815 1407; x_wconf 89' lang='lat' dir='ltr'><strong>qui</strong></span> <span class='ocrx_word' id='word_1_58' title='bbox 837 1326 867 1390; x_wconf 88' lang='lat' dir='ltr'><strong>te</strong></span> <span class='ocrx_word' id='word_1_59' title='bbox 891 1343 1010 1408; x_wconf 89' lang='lat' dir='ltr'><strong>semper</strong></span> <span class='ocrx_word' id='word_1_60' title='bbox 1032 1325 1065 1389; x_wconf 92' lang='lat' dir='ltr'><strong>in</strong></span> <span class='ocrx_word' id='word_1_61' title='bbox 1087 1322 1146 1389; x_wconf 89' lang='lat' dir='ltr'><strong>filii</strong></span> <span class='ocrx_word' id='word_1_62' title='bbox 1168 1318 1330 1388; x_wconf 80' lang='lat' dir='ltr'><strong>dileximus</strong></span> <span class='ocrx_word' id='word_1_63' title='bbox 1352 1318 1426 1398; x_wconf 88' lang='lat' dir='ltr'><strong>loeo,</strong></span> <span class='ocrx_word' id='word_1_64' title='bbox 1455 1316 1544 1382; x_wconf 87' lang='lat' dir='ltr'><strong>valde</strong></span> 
     </span>
     <span class='ocr_line' id='line_1_10' title="bbox 292 1432 1544 1523; baseline -0.005 -20"><span class='ocrx_word' id='word_1_65' title='bbox 292 1458 345 1522; x_wconf 87' lang='lat' dir='ltr'><strong>per</strong></span> <span class='ocrx_word' id='word_1_66' title='bbox 368 1437 488 1504; x_wconf 88' lang='lat' dir='ltr'><strong>litteras</strong></span> <span class='ocrx_word' id='word_1_67' title='bbox 511 1439 710 1523; x_wconf 77' lang='lat' dir='ltr'><strong>gratulamur,</strong></span> <span class='ocrx_word' id='word_1_68' title='bbox 734 1459 807 1506; x_wconf 87' lang='lat' dir='ltr'><strong>nam</strong></span> <span class='ocrx_word' id='word_1_69' title='bbox 822 1441 855 1507; x_wconf 91' lang='lat' dir='ltr'><strong>in</strong></span> <span class='ocrx_word' id='word_1_70' title='bbox 877 1441 1011 1506; x_wconf 83' lang='lat' dir='ltr'><strong>maximo</strong></span> <span class='ocrx_word' id='word_1_71' title='bbox 1034 1439 1065 1506; x_wconf 91' lang='lat' dir='ltr'><strong>et</strong></span> <span class='ocrx_word' id='word_1_72' title='bbox 1079 1435 1336 1523; x_wconf 88' lang='lat' dir='ltr'><strong>periculosissimo</strong></span> <span class='ocrx_word' id='word_1_73' title='bbox 1359 1432 1544 1500; x_wconf 79' lang='lat' dir='ltr'><strong>conficiendo</strong></span> 
     </span>
     <span class='ocr_line' id='line_1_11' title="bbox 290 1549 1543 1639; baseline -0.004 -20"><span class='ocrx_word' id='word_1_74' title='bbox 290 1553 371 1619; x_wconf 90' lang='lat' dir='ltr'><strong>bollo</strong></span> <span class='ocrx_word' id='word_1_75' title='bbox 395 1556 447 1619; x_wconf 92' lang='lat' dir='ltr'><strong>tua</strong></span> <span class='ocrx_word' id='word_1_76' title='bbox 470 1554 567 1620; x_wconf 86' lang='lat' dir='ltr'><strong>virtus</strong></span> <span class='ocrx_word' id='word_1_77' title='bbox 590 1555 743 1639; x_wconf 87' lang='lat' dir='ltr'><strong>praeclara</strong></span> <span class='ocrx_word' id='word_1_78' title='bbox 766 1557 811 1621; x_wconf 89' lang='lat' dir='ltr'><strong>ita</strong></span> <span class='ocrx_word' id='word_1_79' title='bbox 834 1556 945 1622; x_wconf 78' lang='lat' dir='ltr'><strong>enituit</strong></span> <span class='ocrx_word' id='word_1_80' title='bbox 973 1557 1009 1621; x_wconf 93' lang='lat' dir='ltr'><strong>ut</strong></span> <span class='ocrx_word' id='word_1_81' title='bbox 1031 1555 1169 1620; x_wconf 90' lang='lat' dir='ltr'><strong>omnium</strong></span> <span class='ocrx_word' id='word_1_82' title='bbox 1198 1553 1310 1620; x_wconf 86' lang='lat' dir='ltr'><strong>iudicio</strong></span> <span class='ocrx_word' id='word_1_83' title='bbox 1333 1553 1366 1617; x_wconf 92' lang='lat' dir='ltr'><strong>in</strong></span> <span class='ocrx_word' id='word_1_84' title='bbox 1388 1549 1543 1616; x_wconf 81' lang='lat' dir='ltr'><strong>communi</strong></span> 
     </span>
     <span class='ocr_line' id='line_1_12' title="bbox 291 1666 1542 1756; baseline -0.004 -22"><span class='ocrx_word' id='word_1_85' title='bbox 291 1672 468 1736; x_wconf 89' lang='lat' dir='ltr'><strong>cunctorum</strong></span> <span class='ocrx_word' id='word_1_86' title='bbox 492 1671 581 1737; x_wconf 88' lang='lat' dir='ltr'><strong>laudo</strong></span> <span class='ocrx_word' id='word_1_87' title='bbox 603 1672 776 1756; x_wconf 78' lang='lat' dir='ltr'><strong>precipuum</strong></span> <span class='ocrx_word' id='word_1_88' title='bbox 807 1672 971 1756; x_wconf 85' lang='lat' dir='ltr'><strong>quamdam</strong></span> <span class='ocrx_word' id='word_1_89' title='bbox 993 1672 1125 1755; x_wconf 85' lang='lat' dir='ltr'><strong>gloriam</strong></span> <span class='ocrx_word' id='word_1_90' title='bbox 1147 1671 1240 1736; x_wconf 83' lang='lat' dir='ltr'><strong>fueris</strong></span> <span class='ocrx_word' id='word_1_91' title='bbox 1270 1669 1434 1744; x_wconf 82' lang='lat' dir='ltr'><strong>assecutus,</strong></span> <span class='ocrx_word' id='word_1_92' title='bbox 1464 1666 1542 1749; x_wconf 92' lang='lat' dir='ltr'><strong>quod</strong></span> 
     </span>
     <span class='ocr_line' id='line_1_13' title="bbox 289 1783 1541 1872; baseline -0.002 -23"><span class='ocrx_word' id='word_1_93' title='bbox 289 1786 347 1850; x_wconf 90' lang='lat' dir='ltr'><strong>hoe</strong></span> <span class='ocrx_word' id='word_1_94' title='bbox 369 1786 457 1852; x_wconf 91' lang='lat' dir='ltr'><strong>nobis</strong></span> <span class='ocrx_word' id='word_1_95' title='bbox 480 1786 599 1870; x_wconf 86' lang='lat' dir='ltr'><strong>gratius</strong></span> <span class='ocrx_word' id='word_1_96' title='bbox 622 1789 669 1852; x_wconf 90' lang='lat' dir='ltr'><strong>est</strong></span> <span class='ocrx_word' id='word_1_97' title='bbox 692 1788 771 1872; x_wconf 93' lang='lat' dir='ltr'><strong>quod</strong></span> <span class='ocrx_word' id='word_1_98' title='bbox 793 1788 826 1854; x_wconf 93' lang='lat' dir='ltr'><strong>in</strong></span> <span class='ocrx_word' id='word_1_99' title='bbox 848 1788 971 1854; x_wconf 91' lang='lat' dir='ltr'><strong>homine</strong></span> <span class='ocrx_word' id='word_1_100' title='bbox 993 1787 1139 1853; x_wconf 84' lang='lat' dir='ltr'><strong>collocata</strong></span> <span class='ocrx_word' id='word_1_101' title='bbox 1161 1787 1216 1865; x_wconf 80' lang='lat' dir='ltr'><strong>est</strong></span> <span class='ocrx_word' id='word_1_102' title='bbox 1239 1785 1325 1850; x_wconf 88' lang='lat' dir='ltr'><strong>euius</strong></span> <span class='ocrx_word' id='word_1_103' title='bbox 1354 1783 1541 1867; x_wconf 85' lang='lat' dir='ltr'><strong>prestantem</strong></span> 
     </span>
     <span class='ocr_line' id='line_1_14' title="bbox 289 1899 1542 1985; baseline -0.002 -20"><span class='ocrx_word' id='word_1_104' title='bbox 289 1920 362 1984; x_wconf 87' lang='lat' dir='ltr'><strong>erga</strong></span> <span class='ocrx_word' id='word_1_105' title='bbox 384 1919 440 1967; x_wconf 91' lang='lat' dir='ltr'><strong>nos</strong></span> <span class='ocrx_word' id='word_1_106' title='bbox 462 1903 698 1968; x_wconf 87' lang='lat' dir='ltr'><strong>benivolentiam</strong></span> <span class='ocrx_word' id='word_1_107' title='bbox 721 1905 752 1968; x_wconf 90' lang='lat' dir='ltr'><strong>et</strong></span> <span class='ocrx_word' id='word_1_108' title='bbox 774 1903 912 1970; x_wconf 88' lang='lat' dir='ltr'><strong>animum</strong></span> <span class='ocrx_word' id='word_1_109' title='bbox 928 1924 997 1970; x_wconf 89' lang='lat' dir='ltr'><strong>eum</strong></span> <span class='ocrx_word' id='word_1_110' title='bbox 1021 1907 1109 1970; x_wconf 83' lang='lat' dir='ltr'><strong>ser.mi</strong></span> <span class='ocrx_word' id='word_1_111' title='bbox 1127 1901 1264 1969; x_wconf 83' lang='lat' dir='ltr'><strong>Caesaris</strong></span> <span class='ocrx_word' id='word_1_112' title='bbox 1288 1899 1449 1985; x_wconf 82' lang='lat' dir='ltr'><strong>dignitatis</strong></span> <span class='ocrx_word' id='word_1_113' title='bbox 1471 1917 1542 1963; x_wconf 86' lang='lat' dir='ltr'><strong>cura</strong></span> 
     </span>
     <span class='ocr_line' id='line_1_15' title="bbox 289 2015 1540 2104; baseline -0.002 -22"><span class='ocrx_word' id='word_1_114' title='bbox 289 2017 444 2083; x_wconf 89' lang='lat' dir='ltr'><strong>communi</strong></span> <span class='ocrx_word' id='word_1_115' title='bbox 466 2017 650 2085; x_wconf 83' lang='lat' dir='ltr'><strong>christianae</strong></span> <span class='ocrx_word' id='word_1_116' title='bbox 673 2020 855 2104; x_wconf 88' lang='lat' dir='ltr'><strong>reipublicae</strong></span> <span class='ocrx_word' id='word_1_117' title='bbox 879 2020 972 2086; x_wconf 91' lang='lat' dir='ltr'><strong>saluti</strong></span> <span class='ocrx_word' id='word_1_118' title='bbox 994 2019 1130 2086; x_wconf 90' lang='lat' dir='ltr'><strong>deditum</strong></span> <span class='ocrx_word' id='word_1_119' title='bbox 1155 2037 1274 2102; x_wconf 88' lang='lat' dir='ltr'><strong>semper</strong></span> <span class='ocrx_word' id='word_1_120' title='bbox 1290 2035 1395 2082; x_wconf 89' lang='lat' dir='ltr'><strong>sumus</strong></span> <span class='ocrx_word' id='word_1_121' title='bbox 1418 2015 1540 2098; x_wconf 83' lang='lat' dir='ltr'><strong>experti.</strong></span> 
     </span>
     <span class='ocr_line' id='line_1_16' title="bbox 290 2131 1541 2222; baseline -0.004 -22"><span class='ocrx_word' id='word_1_122' title='bbox 290 2132 349 2200; x_wconf 86' lang='lat' dir='ltr'><strong>Sed</strong></span> <span class='ocrx_word' id='word_1_123' title='bbox 364 2134 438 2200; x_wconf 84' lang='lat' dir='ltr'><strong>hoec</strong></span> <span class='ocrx_word' id='word_1_124' title='bbox 453 2137 557 2201; x_wconf 87' lang='lat' dir='ltr'><strong>nostra</strong></span> <span class='ocrx_word' id='word_1_125' title='bbox 572 2137 738 2220; x_wconf 80' lang='lat' dir='ltr'><strong>gratulatio</strong></span> <span class='ocrx_word' id='word_1_126' title='bbox 754 2138 785 2203; x_wconf 92' lang='lat' dir='ltr'><strong>et</strong></span> <span class='ocrx_word' id='word_1_127' title='bbox 799 2156 901 2203; x_wconf 91' lang='lat' dir='ltr'><strong>rerum</strong></span> <span class='ocrx_word' id='word_1_128' title='bbox 916 2139 1075 2222; x_wconf 87' lang='lat' dir='ltr'><strong>gestarum</strong></span> <span class='ocrx_word' id='word_1_129' title='bbox 1090 2138 1213 2202; x_wconf 87' lang='lat' dir='ltr'><strong>tuorum</strong></span> <span class='ocrx_word' id='word_1_130' title='bbox 1231 2131 1454 2200; x_wconf 86' lang='lat' dir='ltr'><strong>commendatio</strong></span> <span class='ocrx_word' id='word_1_131' title='bbox 1470 2131 1541 2215; x_wconf 89' lang='lat' dir='ltr'><strong>quia</strong></span> 
     </span>
     <span class='ocr_line' id='line_1_17' title="bbox 289 2248 1539 2338; baseline 0 -24"><span class='ocrx_word' id='word_1_132' title='bbox 289 2250 420 2316; x_wconf 84' lang='lat' dir='ltr'><strong>breviter</strong></span> <span class='ocrx_word' id='word_1_133' title='bbox 443 2251 602 2318; x_wconf 85' lang='lat' dir='ltr'><strong>tractanda</strong></span> <span class='ocrx_word' id='word_1_134' title='bbox 630 2272 693 2319; x_wconf 91' lang='lat' dir='ltr'><strong>non</strong></span> <span class='ocrx_word' id='word_1_135' title='bbox 715 2255 762 2318; x_wconf 88' lang='lat' dir='ltr'><strong>est</strong></span> <span class='ocrx_word' id='word_1_136' title='bbox 784 2253 966 2338; x_wconf 90' lang='lat' dir='ltr'><strong>uberiusque</strong></span> <span class='ocrx_word' id='word_1_137' title='bbox 997 2253 1133 2319; x_wconf 88' lang='lat' dir='ltr'><strong>officium</strong></span> <span class='ocrx_word' id='word_1_138' title='bbox 1155 2251 1290 2336; x_wconf 80' lang='lat' dir='ltr'><strong>requirit</strong></span> <span class='ocrx_word' id='word_1_139' title='bbox 1313 2269 1381 2315; x_wconf 90' lang='lat' dir='ltr'><strong>eam</strong></span> <span class='ocrx_word' id='word_1_140' title='bbox 1403 2248 1436 2313; x_wconf 93' lang='lat' dir='ltr'><strong>iu</strong></span> <span class='ocrx_word' id='word_1_141' title='bbox 1454 2265 1539 2314; x_wconf 90' lang='lat' dir='ltr'><strong>eom·</strong></span> 
     </span>
     <span class='ocr_line' id='line_1_18' title="bbox 287 2365 1541 2453; baseline -0.001 -22"><span class='ocrx_word' id='word_1_142' title='bbox 287 2365 408 2432; x_wconf 88' lang='lat' dir='ltr'><strong>modius</strong></span> <span class='ocrx_word' id='word_1_143' title='bbox 430 2368 552 2451; x_wconf 87' lang='lat' dir='ltr'><strong>tempus</strong></span> <span class='ocrx_word' id='word_1_144' title='bbox 581 2368 761 2436; x_wconf 88' lang='lat' dir='ltr'><strong>reiioiemus.</strong></span> <span class='ocrx_word' id='word_1_145' title='bbox 806 2370 854 2436; x_wconf 76' lang='lat' dir='ltr'><strong>&#39;ltu</strong></span> <span class='ocrx_word' id='word_1_146' title='bbox 875 2371 911 2436; x_wconf 92' lang='lat' dir='ltr'><strong>ut</strong></span> <span class='ocrx_word' id='word_1_147' title='bbox 932 2389 1014 2436; x_wconf 89' lang='lat' dir='ltr'><strong>nunc</strong></span> <span class='ocrx_word' id='word_1_148' title='bbox 1035 2369 1138 2453; x_wconf 89' lang='lat' dir='ltr'><strong>ipsum</strong></span> <span class='ocrx_word' id='word_1_149' title='bbox 1161 2365 1384 2434; x_wconf 89' lang='lat' dir='ltr'><strong>Bemardinum</strong></span> <span class='ocrx_word' id='word_1_150' title='bbox 1406 2365 1541 2430; x_wconf 91' lang='lat' dir='ltr'><strong>humane</strong></span> 
     </span>
     <span class='ocr_line' id='line_1_19' title="bbox 287 2479 1538 2569; baseline -0.002 -23"><span class='ocrx_word' id='word_1_151' title='bbox 287 2482 318 2547; x_wconf 91' lang='lat' dir='ltr'><strong>et</strong></span> <span class='ocrx_word' id='word_1_152' title='bbox 340 2482 457 2548; x_wconf 87' lang='lat' dir='ltr'><strong>attente</strong></span> <span class='ocrx_word' id='word_1_153' title='bbox 478 2483 626 2551; x_wconf 90' lang='lat' dir='ltr'><strong>audiendo</strong></span> <span class='ocrx_word' id='word_1_154' title='bbox 648 2485 771 2569; x_wconf 89' lang='lat' dir='ltr'><strong>plenam</strong></span> <span class='ocrx_word' id='word_1_155' title='bbox 793 2485 841 2552; x_wconf 91' lang='lat' dir='ltr'><strong>illi</strong></span> <span class='ocrx_word' id='word_1_156' title='bbox 863 2486 956 2552; x_wconf 91' lang='lat' dir='ltr'><strong>fidem</strong></span> <span class='ocrx_word' id='word_1_157' title='bbox 978 2487 1100 2565; x_wconf 81' lang='lat' dir='ltr'><strong>habeas,</strong></span> <span class='ocrx_word' id='word_1_158' title='bbox 1123 2484 1265 2567; x_wconf 89' lang='lat' dir='ltr'><strong>omnique</strong></span> <span class='ocrx_word' id='word_1_159' title='bbox 1288 2483 1341 2547; x_wconf 87' lang='lat' dir='ltr'><strong>tua</strong></span> <span class='ocrx_word' id='word_1_160' title='bbox 1364 2500 1419 2564; x_wconf 92' lang='lat' dir='ltr'><strong>ope</strong></span> <span class='ocrx_word' id='word_1_161' title='bbox 1441 2479 1488 2544; x_wconf 94' lang='lat' dir='ltr'><strong>illi</strong></span> <span class='ocrx_word' id='word_1_162' title='bbox 1505 2479 1538 2544; x_wconf 91' lang='lat' dir='ltr'><strong>in</strong></span> 
     </span>
     <span class='ocr_line' id='line_1_20' title="bbox 286 2595 1538 2682; baseline -0.003 -19"><span class='ocrx_word' id='word_1_163' title='bbox 286 2597 376 2664; x_wconf 90' lang='lat' dir='ltr'><strong>rebus</strong></span> <span class='ocrx_word' id='word_1_164' title='bbox 398 2599 511 2665; x_wconf 87' lang='lat' dir='ltr'><strong>nostris</strong></span> <span class='ocrx_word' id='word_1_165' title='bbox 533 2603 565 2666; x_wconf 94' lang='lat' dir='ltr'><strong>et</strong></span> <span class='ocrx_word' id='word_1_166' title='bbox 579 2602 759 2668; x_wconf 85' lang='lat' dir='ltr'><strong>auctoritate</strong></span> <span class='ocrx_word' id='word_1_167' title='bbox 781 2603 918 2682; x_wconf 86' lang='lat' dir='ltr'><strong>assistas,</strong></span> <span class='ocrx_word' id='word_1_168' title='bbox 940 2600 1028 2668; x_wconf 90' lang='lat' dir='ltr'><strong>valdo</strong></span> <span class='ocrx_word' id='word_1_169' title='bbox 1042 2600 1234 2668; x_wconf 84' lang='lat' dir='ltr'><strong>nobilitatem</strong></span> <span class='ocrx_word' id='word_1_170' title='bbox 1257 2600 1343 2664; x_wconf 90' lang='lat' dir='ltr'><strong>tuam</strong></span> <span class='ocrx_word' id='word_1_171' title='bbox 1358 2598 1391 2662; x_wconf 94' lang='lat' dir='ltr'><strong>in</strong></span> <span class='ocrx_word' id='word_1_172' title='bbox 1406 2595 1538 2661; x_wconf 91' lang='lat' dir='ltr'><strong>Domino</strong></span> 
     </span>
     <span class='ocr_line' id='line_1_21' title="bbox 286 2711 1487 2785; baseline -0.003 -4"><span class='ocrx_word' id='word_1_173' title='bbox 286 2713 491 2784; x_wconf 85' lang='lat' dir='ltr'><strong>adhortamur.</strong></span> <span class='ocrx_word' id='word_1_174' title='bbox 536 2717 652 2784; x_wconf 88' lang='lat' dir='ltr'><strong>Datum</strong></span> <span class='ocrx_word' id='word_1_175' title='bbox 675 2719 790 2785; x_wconf 88' lang='lat' dir='ltr'><strong>Romae</strong></span> <span class='ocrx_word' id='word_1_176' title='bbox 813 2718 861 2785; x_wconf 92' lang='lat' dir='ltr'><strong>die</strong></span> <span class='ocrx_word' id='word_1_177' title='bbox 884 2719 922 2785; x_wconf 85' lang='lat' dir='ltr'><strong>ix.</strong></span> <span class='ocrx_word' id='word_1_178' title='bbox 946 2717 1053 2784; x_wconf 87' lang='lat' dir='ltr'><strong>Martii</strong></span> <span class='ocrx_word' id='word_1_179' title='bbox 1073 2717 1192 2782; x_wconf 83' lang='lat' dir='ltr'><strong>mdxxu.</strong></span> <span class='ocrx_word' id='word_1_180' title='bbox 1237 2715 1326 2780; x_wconf 82' lang='lat' dir='ltr'><strong>Anno</strong></span> <span class='ocrx_word' id='word_1_181' title='bbox 1349 2711 1487 2779; x_wconf 86' lang='lat' dir='ltr'><strong>seeundo.</strong></span> 
     </span>
    </p>
   </div>
   <div class='ocr_carea' id='block_1_3' title="bbox 279 2953 1536 4425">
    <p class='ocr_par' dir='ltr' id='par_1_4' title="bbox 279 2953 1536 4425">
     <span class='ocr_line' id='line_1_22' title="bbox 885 2953 935 3018; baseline -0.04 0"><span class='ocrx_word' id='word_1_182' title='bbox 885 2953 935 3018; x_wconf 80' lang='lat' dir='ltr'><strong>ut.</strong></span> 
     </span>
     <span class='ocr_line' id='line_1_23' title="bbox 805 3073 1017 3147; baseline 0 -16"><span class='ocrx_word' id='word_1_183' title='bbox 805 3073 1017 3147; x_wconf 83' lang='lat' dir='ltr'><strong>Viceregl.</strong></span> 
     </span>
     <span class='ocr_line' id='line_1_24' title="bbox 379 3177 1536 3266; baseline -0.005 -20"><span class='ocrx_word' id='word_1_184' title='bbox 379 3177 533 3266; x_wconf 84' lang='lat' dir='ltr'><strong>¹)Tibique</strong></span> <span class='ocrx_word' id='word_1_185' title='bbox 548 3181 585 3246; x_wconf 90' lang='lat' dir='ltr'><strong>de</strong></span> <span class='ocrx_word' id='word_1_186' title='bbox 601 3182 658 3247; x_wconf 86' lang='lat' dir='ltr'><strong>hac</strong></span> <span class='ocrx_word' id='word_1_187' title='bbox 673 3182 809 3248; x_wconf 88' lang='lat' dir='ltr'><strong>mirabili</strong></span> <span class='ocrx_word' id='word_1_188' title='bbox 824 3182 950 3248; x_wconf 85' lang='lat' dir='ltr'><strong>victoria</strong></span> <span class='ocrx_word' id='word_1_189' title='bbox 972 3181 1069 3248; x_wconf 92' lang='lat' dir='ltr'><strong>denuo</strong></span> <span class='ocrx_word' id='word_1_190' title='bbox 1084 3181 1297 3265; x_wconf 77' lang='lat' dir='ltr'><strong>gratularetur,</strong></span> <span class='ocrx_word' id='word_1_191' title='bbox 1321 3196 1412 3262; x_wconf 86' lang='lat' dir='ltr'><strong>quem</strong></span> <span class='ocrx_word' id='word_1_192' title='bbox 1429 3195 1536 3241; x_wconf 88' lang='lat' dir='ltr'><strong>sumus</strong></span> 
     </span>
     <span class='ocr_line' id='line_1_25' title="bbox 284 3293 1533 3383; baseline -0.005 -21"><span class='ocrx_word' id='word_1_193' title='bbox 284 3295 332 3362; x_wconf 87' lang='lat' dir='ltr'><strong>his</strong></span> <span class='ocrx_word' id='word_1_194' title='bbox 355 3295 462 3364; x_wconf 90' lang='lat' dir='ltr'><strong>diebus</strong></span> <span class='ocrx_word' id='word_1_195' title='bbox 485 3296 514 3364; x_wconf 93' lang='lat' dir='ltr'><strong>ei</strong></span> <span class='ocrx_word' id='word_1_196' title='bbox 535 3317 589 3382; x_wconf 88' lang='lat' dir='ltr'><strong>per</strong></span> <span class='ocrx_word' id='word_1_197' title='bbox 609 3299 730 3364; x_wconf 89' lang='lat' dir='ltr'><strong>litteras</strong></span> <span class='ocrx_word' id='word_1_198' title='bbox 753 3299 873 3365; x_wconf 83' lang='lat' dir='ltr'><strong>nostras</strong></span> <span class='ocrx_word' id='word_1_199' title='bbox 903 3296 1051 3383; x_wconf 89' lang='lat' dir='ltr'><strong>gratulati</strong></span> <span class='ocrx_word' id='word_1_200' title='bbox 1072 3297 1105 3364; x_wconf 89' lang='lat' dir='ltr'><strong>iu</strong></span> <span class='ocrx_word' id='word_1_201' title='bbox 1128 3315 1187 3382; x_wconf 87' lang='lat' dir='ltr'><strong>qua</strong></span> <span class='ocrx_word' id='word_1_202' title='bbox 1216 3293 1351 3380; x_wconf 88' lang='lat' dir='ltr'><strong>paranda</strong></span> <span class='ocrx_word' id='word_1_203' title='bbox 1373 3295 1404 3358; x_wconf 92' lang='lat' dir='ltr'><strong>et</strong></span> <span class='ocrx_word' id='word_1_204' title='bbox 1426 3310 1533 3357; x_wconf 88' lang='lat' dir='ltr'><strong>eonse-</strong></span> 
     </span>
     <span class='ocr_line' id='line_1_26' title="bbox 282 3409 1533 3499; baseline -0.006 -21"><span class='ocrx_word' id='word_1_205' title='bbox 282 3411 400 3495; x_wconf 87' lang='lat' dir='ltr'><strong>quenda</strong></span> <span class='ocrx_word' id='word_1_206' title='bbox 423 3413 566 3496; x_wconf 90' lang='lat' dir='ltr'><strong>quoniam</strong></span> <span class='ocrx_word' id='word_1_207' title='bbox 589 3413 659 3481; x_wconf 90' lang='lat' dir='ltr'><strong>tuae</strong></span> <span class='ocrx_word' id='word_1_208' title='bbox 687 3415 866 3499; x_wconf 87' lang='lat' dir='ltr'><strong>pmdentiae</strong></span> <span class='ocrx_word' id='word_1_209' title='bbox 888 3433 923 3480; x_wconf 88' lang='lat' dir='ltr'><strong>ae</strong></span> <span class='ocrx_word' id='word_1_210' title='bbox 945 3414 1068 3479; x_wconf 86' lang='lat' dir='ltr'><strong>virtutis</strong></span> <span class='ocrx_word' id='word_1_211' title='bbox 1098 3414 1200 3497; x_wconf 88' lang='lat' dir='ltr'><strong>partes</strong></span> <span class='ocrx_word' id='word_1_212' title='bbox 1230 3411 1380 3477; x_wconf 82' lang='lat' dir='ltr'><strong>maximae</strong></span> <span class='ocrx_word' id='word_1_213' title='bbox 1403 3409 1533 3484; x_wconf 75' lang='lat' dir='ltr'><strong>fuerunt</strong></span> 
     </span>
     <span class='ocr_line' id='line_1_27' title="bbox 281 3523 1533 3616; baseline -0.006 -22"><span class='ocrx_word' id='word_1_214' title='bbox 281 3527 340 3594; x_wconf 89' lang='lat' dir='ltr'><strong>erit</strong></span> <span class='ocrx_word' id='word_1_215' title='bbox 370 3530 521 3595; x_wconf 82' lang='lat' dir='ltr'><strong>constant</strong></span> <span class='ocrx_word' id='word_1_216' title='bbox 588 3531 659 3596; x_wconf 89' lang='lat' dir='ltr'><strong>tuae</strong></span> <span class='ocrx_word' id='word_1_217' title='bbox 681 3531 804 3598; x_wconf 88' lang='lat' dir='ltr'><strong>easdem</strong></span> <span class='ocrx_word' id='word_1_218' title='bbox 826 3549 944 3616; x_wconf 90' lang='lat' dir='ltr'><strong>quoque</strong></span> <span class='ocrx_word' id='word_1_219' title='bbox 972 3531 1074 3615; x_wconf 87' lang='lat' dir='ltr'><strong>partes</strong></span> <span class='ocrx_word' id='word_1_220' title='bbox 1104 3528 1247 3595; x_wconf 90' lang='lat' dir='ltr'><strong>adhibere</strong></span> <span class='ocrx_word' id='word_1_221' title='bbox 1271 3529 1305 3592; x_wconf 93' lang='lat' dir='ltr'><strong>ut</strong></span> <span class='ocrx_word' id='word_1_222' title='bbox 1334 3523 1533 3591; x_wconf 87' lang='lat' dir='ltr'><strong>fundamenta</strong></span> 
     </span>
     <span class='ocr_line' id='line_1_28' title="bbox 280 3640 1530 3731; baseline -0.006 -21"><span class='ocrx_word' id='word_1_223' title='bbox 280 3643 430 3710; x_wconf 75' lang='lat' dir='ltr'><strong>iaomntur</strong></span> <span class='ocrx_word' id='word_1_224' title='bbox 444 3647 605 3730; x_wconf 86' lang='lat' dir='ltr'><strong>perpetuae</strong></span> <span class='ocrx_word' id='word_1_225' title='bbox 628 3647 739 3731; x_wconf 89' lang='lat' dir='ltr'><strong>quietis</strong></span> <span class='ocrx_word' id='word_1_226' title='bbox 762 3667 797 3713; x_wconf 90' lang='lat' dir='ltr'><strong>ao</strong></span> <span class='ocrx_word' id='word_1_227' title='bbox 821 3646 946 3712; x_wconf 90' lang='lat' dir='ltr'><strong>salutis:</strong></span> <span class='ocrx_word' id='word_1_228' title='bbox 970 3645 1182 3729; x_wconf 86' lang='lat' dir='ltr'><strong>sedquoniam</strong></span> <span class='ocrx_word' id='word_1_229' title='bbox 1205 3643 1307 3710; x_wconf 89' lang='lat' dir='ltr'><strong>dehis</strong></span> <span class='ocrx_word' id='word_1_230' title='bbox 1330 3645 1361 3708; x_wconf 92' lang='lat' dir='ltr'><strong>et</strong></span> <span class='ocrx_word' id='word_1_231' title='bbox 1383 3640 1453 3706; x_wconf 87' lang='lat' dir='ltr'><strong>aliis</strong></span> <span class='ocrx_word' id='word_1_232' title='bbox 1477 3658 1530 3704; x_wconf 93' lang='lat' dir='ltr'><strong>su·</strong></span> 
     </span>
     <span class='ocr_line' id='line_1_29' title="bbox 281 3756 1531 3847; baseline -0.005 -21"><span class='ocrx_word' id='word_1_233' title='bbox 281 3779 351 3826; x_wconf 92' lang='lat' dir='ltr'><strong>mus</strong></span> <span class='ocrx_word' id='word_1_234' title='bbox 380 3779 450 3826; x_wconf 89' lang='lat' dir='ltr'><strong>oum</strong></span> <span class='ocrx_word' id='word_1_235' title='bbox 478 3761 545 3845; x_wconf 91' lang='lat' dir='ltr'><strong>ipso</strong></span> <span class='ocrx_word' id='word_1_236' title='bbox 574 3762 762 3830; x_wconf 86' lang='lat' dir='ltr'><strong>Bemardino</strong></span> <span class='ocrx_word' id='word_1_237' title='bbox 791 3763 942 3847; x_wconf 88' lang='lat' dir='ltr'><strong>copiosius</strong></span> <span class='ocrx_word' id='word_1_238' title='bbox 971 3762 1065 3828; x_wconf 92' lang='lat' dir='ltr'><strong>loouti</strong></span> <span class='ocrx_word' id='word_1_239' title='bbox 1094 3760 1146 3846; x_wconf 93' lang='lat' dir='ltr'><strong>qui</strong></span> <span class='ocrx_word' id='word_1_240' title='bbox 1175 3759 1267 3826; x_wconf 89' lang='lat' dir='ltr'><strong>adte</strong></span> <span class='ocrx_word' id='word_1_241' title='bbox 1296 3759 1447 3824; x_wconf 88' lang='lat' dir='ltr'><strong>relatums</strong></span> <span class='ocrx_word' id='word_1_242' title='bbox 1476 3756 1531 3834; x_wconf 77' lang='lat' dir='ltr'><strong>est,</strong></span> 
     </span>
     <span class='ocr_line' id='line_1_30' title="bbox 279 3872 1532 3956; baseline -0.005 -15"><span class='ocrx_word' id='word_1_243' title='bbox 279 3876 438 3942; x_wconf 88' lang='lat' dir='ltr'><strong>hortamur</strong></span> <span class='ocrx_word' id='word_1_244' title='bbox 459 3877 546 3942; x_wconf 90' lang='lat' dir='ltr'><strong>tuam</strong></span> <span class='ocrx_word' id='word_1_245' title='bbox 576 3877 769 3944; x_wconf 84' lang='lat' dir='ltr'><strong>nobilitatem</strong></span> <span class='ocrx_word' id='word_1_246' title='bbox 790 3878 824 3944; x_wconf 91' lang='lat' dir='ltr'><strong>in</strong></span> <span class='ocrx_word' id='word_1_247' title='bbox 845 3877 978 3944; x_wconf 89' lang='lat' dir='ltr'><strong>Domino</strong></span> <span class='ocrx_word' id='word_1_248' title='bbox 1007 3879 1042 3942; x_wconf 92' lang='lat' dir='ltr'><strong>ut</strong></span> <span class='ocrx_word' id='word_1_249' title='bbox 1071 3897 1141 3943; x_wconf 90' lang='lat' dir='ltr'><strong>oum</strong></span> <span class='ocrx_word' id='word_1_250' title='bbox 1170 3876 1286 3942; x_wconf 85' lang='lat' dir='ltr'><strong>attente</strong></span> <span class='ocrx_word' id='word_1_251' title='bbox 1308 3875 1340 3941; x_wconf 91' lang='lat' dir='ltr'><strong>et</strong></span> <span class='ocrx_word' id='word_1_252' title='bbox 1368 3872 1532 3956; x_wconf 84' lang='lat' dir='ltr'><strong>diligenter</strong></span> 
     </span>
     <span class='ocr_line' id='line_1_31' title="bbox 279 3988 1530 4077; baseline -0.003 -21"><span class='ocrx_word' id='word_1_253' title='bbox 279 3990 383 4058; x_wconf 92' lang='lat' dir='ltr'><strong>audire</strong></span> <span class='ocrx_word' id='word_1_254' title='bbox 405 3991 556 4077; x_wconf 86' lang='lat' dir='ltr'><strong>fidemque</strong></span> <span class='ocrx_word' id='word_1_255' title='bbox 578 3993 627 4060; x_wconf 93' lang='lat' dir='ltr'><strong>illi</strong></span> <span class='ocrx_word' id='word_1_256' title='bbox 648 3994 807 4060; x_wconf 89' lang='lat' dir='ltr'><strong>indubiam</strong></span> <span class='ocrx_word' id='word_1_257' title='bbox 830 3993 973 4062; x_wconf 87' lang='lat' dir='ltr'><strong>adhibere</strong></span> <span class='ocrx_word' id='word_1_258' title='bbox 997 3994 1081 4060; x_wconf 88' lang='lat' dir='ltr'><strong>velis.</strong></span> <span class='ocrx_word' id='word_1_259' title='bbox 1135 3993 1252 4076; x_wconf 87' lang='lat' dir='ltr'><strong>Datum</strong></span> <span class='ocrx_word' id='word_1_260' title='bbox 1274 3991 1323 4058; x_wconf 91' lang='lat' dir='ltr'><strong>dio</strong></span> <span class='ocrx_word' id='word_1_261' title='bbox 1346 3989 1452 4057; x_wconf 90' lang='lat' dir='ltr'><strong>eodem</strong></span> <span class='ocrx_word' id='word_1_262' title='bbox 1474 3988 1530 4054; x_wconf 85' lang='lat' dir='ltr'><strong>eto.</strong></span> 
     </span>
     <span class='ocr_line' id='line_1_32' title="bbox 843 4107 966 4196; baseline 0.008 -21"><span class='ocrx_word' id='word_1_263' title='bbox 843 4107 966 4196; x_wconf 80' lang='lat' dir='ltr'><strong>(Foris).</strong></span> 
     </span>
     <span class='ocr_line' id='line_1_33' title="bbox 610 4223 1205 4291; baseline -0.002 0"><span class='ocrx_word' id='word_1_264' title='bbox 610 4225 699 4291; x_wconf 79' lang='lat' dir='ltr'><strong>Anno</strong></span> <span class='ocrx_word' id='word_1_265' title='bbox 723 4225 853 4291; x_wconf 88' lang='lat' dir='ltr'><strong>secundo</strong></span> <span class='ocrx_word' id='word_1_266' title='bbox 875 4223 993 4291; x_wconf 83' lang='lat' dir='ltr'><strong>mdxxv.</strong></span> <span class='ocrx_word' id='word_1_267' title='bbox 1039 4223 1146 4290; x_wconf 88' lang='lat' dir='ltr'><strong>Martii</strong></span> <span class='ocrx_word' id='word_1_268' title='bbox 1167 4223 1205 4290; x_wconf 80' lang='lat' dir='ltr'><strong>ix.</strong></span> 
     </span>
     <span class='ocr_line' id='line_1_34' title="bbox 400 4338 1407 4425; baseline -0.001 -21"><span class='ocrx_word' id='word_1_269' title='bbox 400 4338 571 4406; x_wconf 87' lang='lat' dir='ltr'><strong>Marchioni</strong></span> <span class='ocrx_word' id='word_1_270' title='bbox 593 4341 745 4408; x_wconf 87' lang='lat' dir='ltr'><strong>Piseariae</strong></span> <span class='ocrx_word' id='word_1_271' title='bbox 768 4343 799 4407; x_wconf 91' lang='lat' dir='ltr'><strong>et</strong></span> <span class='ocrx_word' id='word_1_272' title='bbox 822 4341 923 4407; x_wconf 91' lang='lat' dir='ltr'><strong>similo</strong></span> <span class='ocrx_word' id='word_1_273' title='bbox 945 4339 1086 4425; x_wconf 83' lang='lat' dir='ltr'><strong>Viceregi</strong></span> <span class='ocrx_word' id='word_1_274' title='bbox 1107 4340 1236 4406; x_wconf 87' lang='lat' dir='ltr'><strong>mutatis</strong></span> <span class='ocrx_word' id='word_1_275' title='bbox 1259 4341 1294 4405; x_wconf 89' lang='lat' dir='ltr'><strong>ut</strong></span> <span class='ocrx_word' id='word_1_276' title='bbox 1315 4339 1407 4404; x_wconf 92' lang='lat' dir='ltr'><strong>intus.</strong></span> 
     </span>
    </p>
   </div>
   <div class='ocr_carea' id='block_1_4' title="bbox 371 4506 1411 4574">
    <p class='ocr_par' dir='ltr' id='par_1_5' title="bbox 371 4506 1411 4574">
     <span class='ocr_line' id='line_1_35' title="bbox 371 4506 1411 4574; baseline -0.001 -15"><span class='ocrx_word' id='word_1_277' title='bbox 371 4509 388 4569; x_wconf 81' lang='lat' dir='ltr'><strong>&#39;l</strong></span> <span class='ocrx_word' id='word_1_278' title='bbox 408 4511 466 4561; x_wconf 82' lang='lat' dir='ltr'><strong>l’ort</strong></span> <span class='ocrx_word' id='word_1_279' title='bbox 484 4511 577 4560; x_wconf 80' lang='lat' dir='ltr'><strong>initium</strong></span> <span class='ocrx_word' id='word_1_280' title='bbox 595 4513 658 4572; x_wconf 83' lang='lat' dir='ltr'><strong>quod</strong></span> <span class='ocrx_word' id='word_1_281' title='bbox 675 4506 739 4562; x_wconf 73' lang='lat' dir='ltr'><strong>deut</strong></span> <span class='ocrx_word' id='word_1_282' title='bbox 756 4514 781 4560; x_wconf 90' lang='lat' dir='ltr'><strong>in</strong></span> <span class='ocrx_word' id='word_1_283' title='bbox 798 4513 946 4562; x_wconf 77' lang='lat' dir='ltr'><strong>mtorademi</strong></span> <span class='ocrx_word' id='word_1_284' title='bbox 963 4511 1071 4572; x_wconf 80' lang='lat' dir='ltr'><strong>habetor,</strong></span> <span class='ocrx_word' id='word_1_285' title='bbox 1088 4511 1237 4574; x_wconf 79' lang='lat' dir='ltr'><strong>prosequitur</strong></span> <span class='ocrx_word' id='word_1_286' title='bbox 1254 4511 1309 4560; x_wconf 78' lang='lat' dir='ltr'><strong>latia</strong></span> <span class='ocrx_word' id='word_1_287' title='bbox 1327 4511 1411 4560; x_wconf 76' lang='lat' dir='ltr'><strong>verbis.</strong></span> 
     </span>
    </p>
   </div>
   <div class='ocr_carea' id='block_1_5' title="bbox 0 0 1704 5088">
    <p class='ocr_par' dir='ltr' id='par_1_6' title="bbox 0 0 1704 5088">
     <span class='ocr_line' id='line_1_36' title="bbox 0 0 1704 5088; baseline 0 7"><span class='ocrx_word' id='word_1_288' title='bbox 0 0 1704 5088; x_wconf 95' lang='lat' dir='ltr'><strong> </strong></span> 
     </span>
    </p>
   </div>
  </div>
 </body>
</html>
