3364 5102
700 417 944 488 -325-

785 760 859 828 243.

458 926 657 988 cardinalis
679 925 894 1002 campagus
916 925 1088 986 clementi
1110 925 1184 986 vn.

641 1035 728 1122 (Litt.
743 1036 837 1121 prinu
856 1037 913 1104 ΠΙ
928 1035 996 1122 31).
1296 1027 1299 1033 ’

673 1151 739 1238 (20.
754 1152 841 1220 Febr.
860 1150 970 1237 1525).

283 1314 458 1384 Revertitur
480 1313 520 1380 ad
542 1333 565 1380 s.
581 1332 609 1379 r.
625 1313 896 1380 reverendissimus
919 1312 1061 1379 dominus
1077 1311 1249 1397 Stephanus
1266 1313 1447 1381 Brodsrieus

194 1431 368 1518 prepositus
377 1428 691 1514 Qninqneeelssisnsis
708 1428 897 1496 serenissimi
910 1428 1002 1495 huius
1017 1429 1099 1514 regis
1114 1430 1215 1496 orator
1230 1430 1265 1495 ut
1283 1429 1363 1514 apud
1378 1449 1447 1496 sam

194 1549 293 1614 certas
316 1546 489 1614 maiestatis
519 1563 572 1612 sus
595 1545 627 1610 st
648 1544 740 1611 huius
763 1544 852 1630 regni
879 1545 1006 1629 negocia
1035 1546 1109 1630 agat
1130 1546 1161 1611 et
1182 1546 1336 1629 procurat
1366 1545 1446 1612 inter

193 1681 252 1747 qus
266 1662 325 1729 (100
347 1661 441 1728 habet
459 1660 602 1746 precipua
623 1660 661 1727 (10
684 1659 794 1745 quibus
817 1677 873 1744 ego
896 1679 1013 1745 quoque
1035 1623 1209 1727 serinifflis
1232 1678 1285 1727 sus
1307 1660 1446 1744 precibus

193 1779 296 1846 metus
318 1795 409 1863 negor
431 1777 533 1862 aliqua
555 1795 609 1861 pro
632 1793 736 1844 eornm
759 1775 942 1860 profectione
959 1795 982 1842 s.
1002 1796 1030 1842 v.
1047 1776 1185 1855 00010000,
1209 1776 1340 1843 alterum
1363 1776 1446 1843 enim

193 1895 242 1963 est
263 1893 369 1961 fratris
391 1893 522 1960 ioannis
552 1892 589 1960 (10
612 1890 793 1976 Oapistrane
821 1891 1008 1959 mnonimtie
1037 1909 1130 1977 quam
1159 1909 1279 1958 sumere
1309 1911 1359 1959 rex
1380 1892 1446 1976 ipsa

192 2011 305 2097 aliique
327 2010 416 2096 regni
437 2027 575 2094 prersres
597 2008 713 2093 petunt.
752 2009 893 2075 Aliarum
915 2006 1099 2093 paroehialis
1122 2007 1279 2074 cuiusdam
1303 2027 1356 2074 san
1378 2009 1445 2093 ple·

193 2125 282 2194 banis
303 2125 338 2194 in
352 2123 657 2210 archipresbiteratus
673 2123 857 2209 dignitatem
880 2124 989 2191 sreetio
1005 2144 1076 2191 enm
1089 2124 1235 2191 facultate
1250 2125 1282 2190 st
1295 2124 1446 2208 potestate

191 2243 299 2311 utendi
313 2241 539 2328 pontificalibus
554 2256 671 2307 neuneu
685 2259 756 2306 eum
770 2240 963 2326 indulgentia
978 2239 1114 2326 plenaria
1129 2240 1228 2307 tribus
1250 2240 1325 2306 anni
1339 2239 1445 2307 diebus

191 2360 336 2444 perpetuo
365 2357 512 2426 duratura
533 2356 573 2423 ad
594 2356 777 2424 instantiam
800 2357 959 2442 magnifici
980 2355 1097 2424 demini
1119 2354 1272 2422 GabrieIis
1294 2353 1332 2423 10
1354 2355 1447 2423 Pesin

191 2474 280 2560 regni
301 2473 392 2541 hnins
415 2474 539 2541 baronis
562 2471 615 2558 qui
637 2473 676 2540 ob
691 2471 866 2540 huiusmodi
889 2471 989 2558 gratis
1011 2471 1289 2557 compensationem
1312 2470 1400 2538 effert
1415 2489 1447 2538 ss

193 2590 227 2656 iu
250 2589 339 2675 regni
360 2588 451 2656 hnirn
474 2590 505 2656 st
526 2587 636 2656 finium
658 2587 796 2655 custodia
818 2589 850 2655 et
872 2589 1014 2655 tntsllam
1036 2588 1108 2655 dare
1126 2588 1224 2655 cenes
1247 2586 1447 2672 stipendiatus

191 2706 315 2773 milites.
332 2705 371 2771 ad
386 2706 503 2772 eertum
518 2707 640 2789 tempus
663 2705 753 2790 prout
767 2705 861 2770 latus
876 2723 912 2771 ex
934 2705 1040 2773 endam
1063 2704 1186 2771 domino
1202 2701 1357 2788 Stephano
1376 2722 1400 2769 ι.
1416 2722 1448 2769 v.

190 2839 372 2907 eognoseere
394 2820 507 2905 peterit
530 2871 536 2887 .
561 2871 567 2886 .
592 2873 598 2886 .
623 2873 630 2888 .
654 2819 759 2887 Butae
781 2839 826 2888 xx.
850 2820 1008 2888 Februarii
1030 2819 1147 2886 mina.

1019 3023 1140 3092 (taretin
1163 3021 1355 3108 Campegius.

723 3307 729 3316 ¹
782 3313 856 3379 244.

510 3477 650 3538 Prorsx
668 3477 837 3553 neapolis
860 3476 1032 3537 clementi
1047 3477 1121 3538 vn.

639 3585 725 3673 (Iitt
741 3585 835 3671 prinu
851 3586 908 3653 llL
924 3583 991 3672 33).

667 3702 733 3788 (24
749 3701 836 3768 Febr.
853 3700 963 3788 1525).

280 3861 480 3930 iunctissime
502 3881 538 3928 ae
560 3860 738 3929 00011001ωο
761 3863 854 3946 pater.
901 3861 976 3930 Post
1004 3862 1118 3948 pedum
1148 3863 1252 3932 000010
1275 3863 1441 3931 beatorum.

190 3978 308 4065 Perque
322 3998 349 4046 r.
367 3997 390 4044 s.
407 3995 458 4044 sea
473 3977 740 4062 particulamsnte
763 3977 932 4044 informaris
948 3977 1016 4045 dela
1032 3977 1158 4046 viatoria
1180 3997 1238 4064 qne
1253 3997 1290 4064 oy
1305 3980 1346 4045 ha
1364 3979 1442 4046 (1010

189 4094 264 4161 Dios
294 4094 326 4160 al
347 4093 419 4160 bien
448 4111 557 4160 eemnn
580 4092 616 4160 (10
646 4091 738 4160 italia
766 4113 822 4179 per
843 4113 920 4180 euya
949 4093 1115 4161 deffensien
1137 4095 1166 4160 sl
1195 4094 1372 4180 emperador
1401 4095 1442 4160 ha

188 4207 347 4295 empleado
363 4227 416 4276 sue
431 4207 549 4292 inertas
572 4228 659 4277 eume
673 4211 721 4277 las
744 4210 898 4295 empleara
913 4209 950 4276 is
974 4230 1048 4296 muy
1062 4210 1162 4278 bnans
1177 4211 1323 4279 voluntari
1346 4209 1439 4278 sism-

187 4343 240 4409 pre
263 4343 321 4411 qne
343 4324 426 4391 inere
449 4326 601 4392 msuester
622 4343 678 4409 por
701 4325 887 4393 0000101010
910 4345 937 4392 r.
953 4327 982 4393 b.
1006 4325 1106 4393 ambio
1129 4344 1146 4391 a
1166 4323 1259 4409 Garri
1281 4323 1440 4410 Maurique

188 4438 225 4506 (10
247 4439 326 4506 Iura
348 4457 406 4525 qus
428 4457 515 4506 eume
536 4458 664 4525 porsena
694 4459 752 4525 qus
774 4441 838 4506 assi
860 4461 898 4507 en
921 4443 952 4507 la
981 4441 1147 4508 deffension
1170 4441 1207 4508 (ie
1230 4441 1325 4507 Pania
1354 4459 1439 4508 corno

190 4575 228 4622 sn
251 4557 282 4621 la
300 4555 429 4640 jornada
451 4555 489 4622 de
511 4573 549 4641 oy
572 4557 613 4622 ha
636 4555 726 4642 seydo
754 4558 853 4623 buena
876 4559 970 4640 parte,
999 4557 1092 4640 podra
1115 4556 1169 4622 dar
1192 4557 1300 4622 euenta
1324 4576 1341 4622 a
1365 4577 1391 4624 v.
1417 4579 1439 4624 s.
