3400 5088
682 385 927 451 -149-

177 584 324 650 Vestrum
346 602 416 650 vero
431 603 515 668 opus,
538 583 674 650 resbum
689 591 801 649 munus
824 582 914 666 quale
929 599 1048 665 semper
1065 579 1125 647 fuit
1139 580 1278 665 opinione
1293 581 1324 646 et
1346 580 1430 646 fama

177 701 269 767 istius
291 699 516 767 eruditissimae
538 699 748 766 universitatis
770 698 907 785 dignum,
929 697 992 765 tale
1007 697 1101 772 etiam
1124 697 1297 781 expectatur
1318 697 1350 762 et
1371 717 1427 781 po-

178 817 280 898 scitur,
310 818 345 883 ut
374 836 444 883 cum
473 818 595 883 tantum
618 835 636 883 a
658 816 722 883 Deo
752 815 885 901 gratiae,
914 816 1036 880 tantum
1066 814 1189 881 honoris
1211 814 1311 881 ineis
1340 813 1428 880 donis

178 933 341 1001 celestibus
365 932 532 1018 sapientias
554 933 586 999 et
607 933 790 1012 intellectus,
821 951 897 1017 qnae
920 931 1028 998 ceteris
1051 931 1193 998 omnibus
1215 931 1333 1015 potiora
1357 932 1429 996 sunt

177 1049 385 1130 obtinueritis,
414 1050 447 1116 id
468 1051 569 1117 totum
599 1048 637 1115 ad
666 1049 764 1134 ipsius
786 1049 845 1115 Dei
873 1048 1005 1134 gloriam
1034 1068 1069 1115 ex
1093 1067 1152 1132 qua
1181 1049 1282 1114 vestra
1311 1066 1429 1132 queque

176 1166 276 1253 gloria
290 1166 447 1246 redundat
469 1165 556 1232 etad
571 1163 690 1232 Galliae
713 1165 845 1232 maxime
861 1164 999 1230 omnium
1015 1165 1180 1232 catholicae
1199 1166 1230 1230 et
1244 1163 1429 1230 christianae

176 1283 318 1369 regionis,
340 1282 458 1367 patriae
480 1282 574 1349 etiem
596 1283 715 1348 vestrae
738 1282 877 1361 salutem,
906 1280 940 1347 in
962 1299 1022 1365 quo
1045 1281 1128 1346 salus
1158 1281 1258 1347 restra
1287 1280 1429 1348 consistit

175 1401 347 1468 convertere
369 1401 401 1466 et
415 1399 533 1479 rotome,
557 1399 648 1466 sicuti
669 1417 737 1464 mos
752 1399 852 1464 vester
874 1399 1035 1482 perpetuus
1052 1417 1169 1482 semper
1185 1417 1238 1464 vos
1261 1397 1428 1478 admonuit,

175 1518 233 1583 hoc
261 1516 457 1601 potissimum
487 1515 579 1583 dubio
601 1517 633 1581 et
654 1513 822 1600 periculoso
852 1516 988 1598 tempore
1018 1513 1175 1581 studeatis.
1221 1513 1258 1580 ln
1281 1531 1339 1600 quo
1362 1533 1427 1580 rem

176 1633 240 1699 Deo
263 1633 294 1698 et
315 1632 403 1698 nobis
425 1631 646 1718 gratissimam,
669 1630 756 1698 vobis
777 1629 910 1697 maxime
931 1631 1098 1717 gloriosam
1120 1630 1266 1697 efficietis.
1311 1631 1428 1697 Datum

176 1749 292 1816 Romae
313 1750 369 1815 etc
392 1748 441 1818 die
463 1769 509 1815 xx.
532 1747 610 1815 Maii
631 1747 750 1814 mdxxx.
795 1746 884 1814 Anno
907 1745 1045 1814 secundo.

264 1963 344 2030 Duci
358 1962 505 2030 Borbonii
519 1999 562 2012 -
578 1962 623 2028 ait
644 1962 780 2047 pontifex
803 1981 835 2028 se
857 1961 922 2029 eius
945 1962 1066 2028 litteras
1081 1962 1113 2028 et
1126 1960 1254 2029 consilia
1276 1961 1427 2046 sumpisse

175 2081 327 2147 aJoanne
341 2080 500 2166 Langnota
522 2079 768 2166 eleemosynario,
792 2097 882 2164 seque
897 2078 1065 2145 missurum
1087 2077 1127 2143 ad
1149 2097 1219 2144 eum
1234 2077 1281 2144 Jo.
1300 2078 1425 2143 Petmm

175 2196 212 2263 de
235 2195 440 2276 wassaris,
463 2195 516 2282 qui
539 2216 595 2263 sua
609 2196 737 2264 consilia
759 2197 858 2263 eidem
873 2196 1012 2281 operiret.
1057 2196 1173 2262 Romae
1196 2193 1244 2261 dic
1259 2193 1334 2260 xxix.
1350 2193 1427 2260 Maii

175 2312 293 2380 mdxxv.
338 2311 427 2379 Anno
450 2311 589 2380 secundo.

766 2546 838 2614 toa

407 2712 561 2788 Princtpt
586 2704 789 2794 (Ferdinando
812 2702 976 2772 drobiduci
997 2702 1163 2792 Ananiae).
1171 2703 1195 2793 ¹)

262 2868 381 2936 Dilecto
403 2868 450 2934 fili
465 2869 520 2934 etc.
558 2866 659 2934 Iactis
673 2867 787 2933 litteris
802 2867 874 2947 tuis,
897 2885 973 2951 quae
988 2867 1025 2934 de
1040 2867 1225 2934 tumultibus
1248 2867 1425 2952 agrestium,

172 2987 203 3051 et
225 2986 338 3070 quanto
361 2985 394 3050 in
415 2983 548 3068 periculo
564 2982 672 3050 nobas
693 2985 747 3049 tua
761 2985 932 3050 versaretur
954 2983 1043 3050 nobis
1065 2968 1259 3062 nunciabant
1283 3002 1356 3049 sane
1370 3002 1425 3066 pro

171 3120 215 3180 eo,
239 3099 318 3167 sicut
340 3100 508 3180 debuimus,
531 3099 677 3166 commoti
698 3099 822 3178 fuimus,
845 3119 918 3166 nam
940 3101 972 3166 et
993 3098 1155 3185 dignitatis
1178 3101 1268 3184 atque
1290 3099 1424 3166 aucteri-

171 3216 246 3282 tatis
268 3217 338 3283 tuae
361 3215 548 3283 conservatio
571 3217 603 3281 et
626 3213 709 3281 salus
732 3215 827 3281 totius
851 3214 1050 3282 Germanicae
1072 3216 1215 3297 babonis,
1237 3234 1329 3301 quam
1351 3235 1422 3301 pro·

171 3332 326 3398 labentem
341 3333 372 3398 et
394 3331 434 3397 ad
447 3331 608 3398 interitum
629 3331 809 3398 inclusum
826 3334 996 3399 sustentare
1019 3333 1117 3419 quoad
1131 3352 1294 3418 possumus
1317 3353 1424 3400 sumus

171 3446 281 3532 cupidi,
304 3465 451 3532 magnam
473 3447 562 3514 nobis
580 3465 684 3514 euram
707 3447 883 3528 inieeenmt,
905 3451 941 3514 ut
963 3449 1023 3515 tibi
1038 3469 1099 3516 non
1121 3450 1296 3517 deessemus
1319 3452 1424 3518 nostra

171 3583 226 3649 ope
249 3565 340 3648 atque
362 3563 483 3644 auxilio,
506 3565 596 3648 atque
617 3564 652 3631 in
674 3565 817 3631 maximis
839 3566 954 3632 nostris
976 3567 1009 3632 et
1023 3563 1110 3632 Sedis
1133 3567 1316 3650 apostolicae
1338 3566 1421 3634 diffi-

170 3679 346 3758 cultatibus,
370 3697 445 3763 quas
468 3679 527 3746 tibi
548 3699 615 3746 esse
637 3680 816 3748 notissimas
839 3681 962 3762 seimus,
985 3682 1101 3768 aliquid
1123 3684 1228 3750 tamen
1250 3683 1422 3750 corradere·

170 3813 249 3874 mus,
272 3814 330 3880 quo
352 3796 388 3861 tu
410 3795 523 3863 amoris
546 3796 643 3863 nostri
658 3797 690 3862 et
711 3796 807 3862 studii
828 3797 865 3863 de
887 3799 941 3864 tua
964 3799 1063 3865 salute
1077 3798 1289 3867 testimonium
1312 3800 1423 3868 babere

171 3910 309 3995 locuplex
331 3929 446 3995 posses.
491 3911 529 3977 In
551 3931 610 3996 quo
632 3911 691 3978 tibi
721 3912 856 3979 subsidio
880 3913 1082 3999 conquirendo
1104 3915 1258 3999 praeclara
1280 3916 1422 3985 voluntas

169 4046 236 4094 ven.
259 4025 390 4093 flatrum
412 4027 586 4094 nostrorum
609 4025 639 4095 S.
655 4027 691 4094 R
707 4028 740 4094 n.
757 4028 959 4096 cardinalium
983 4028 1093 4110 extitit
1116 4050 1246 4116 quorum
1261 4050 1422 4100 assensum

169 4143 288 4228 aliquot
301 4161 337 4210 ex
353 4142 477 4228 reliquis
500 4141 657 4210 ordinibus
673 4143 835 4224 consecuti,
859 4163 1013 4212 summam
1029 4145 1182 4232 quandam
1204 4148 1348 4233 pecuniae
1364 4149 1420 4217 sub

264 4357 282 4422 ¹]
299 4359 343 4408 His
361 4361 469 4422 epistolis
487 4361 593 4422 pontifex
612 4361 738 4422 respondet
754 4362 861 4422 epistolis
879 4362 1009 4412 archiducts
1027 4364 1111 4422 qulbus
1129 4365 1210 4423 inique
1228 4367 1366 4414 rusticorum
1385 4381 1420 4414 re·

169 4458 248 4518 bellio,
267 4458 330 4508 male
347 4457 485 4508 demonico
506 4458 634 4519 periculum
652 4457 795 4507 christianae
821 4461 961 4520 reipublicae
979 4462 1053 4509 siden
1072 4461 1255 4518 cirumcidetur.
1294 4463 1349 4512 Vide
1366 4459 1419 4512 Do·

167 4561 285 4607 meite
304 4552 457 4606 Lutborcaa
475 4571 489 4604 a
507 4571 544 4605 nuc
561 4555 632 4618 edito,
650 4557 741 4612 docum,
760 4557 819 4616 211,
838 4557 879 4605 iol·
893 4557 952 4607 lto.
989 4558 1132 4608 Beticbonae
1153 4560 1228 4610 losa.
