3400 5088
758 275 1002 340 —118—

254 483 323 530 oum
346 467 458 534 bonore
480 468 512 533 ot
534 467 635 534 debito
658 467 750 532 huius
772 487 918 552 personae
940 487 1032 553 quam
1055 469 1190 554 gerimus
1213 473 1368 555 potuimus
1384 471 1505 540 Caesari

253 583 337 648 omni
365 584 593 650 benevolentiae
623 586 654 649 et
676 584 787 650 federis
811 585 930 652 vinculo
953 585 1110 669 coniungi3
1140 606 1324 671 quamquam
1346 588 1379 654 in
1402 607 1504 655 amore

252 703 283 767 et
298 701 507 767 benevolentia
523 701 645 785 quidem
661 701 740 766 nihil
755 702 788 766 in
810 702 912 767 animo
928 703 1032 767 nestro
1053 705 1198 770 novatum
1214 705 1276 782 ost;
1301 725 1406 770 sumus
1422 705 1504 772 enim

253 817 305 901 qui
327 818 457 893 fuimus;
481 836 536 882 nec
558 819 680 900 tempus
694 818 794 883 ullum
816 817 876 884 fuit
898 836 957 901 quo
972 818 1037 883 eins
1060 819 1147 885 nobis
1170 838 1231 884 non
1254 821 1336 886 esset
1358 821 1504 886 maiestas

252 935 284 998 ot
307 933 476 1016 amplitudo
507 933 590 999 omni
619 935 753 999 humana
776 953 808 998 re
831 935 935 999 carior.
974 933 1033 999 Sed
1062 935 1141 1018 quod
1171 936 1255 1001 intus
1285 937 1450 1002 molestum
1474 940 1505 1002 et

254 1049 363 1115 ardens
386 1051 575 1134 gerebamus,
604 1051 637 1115 id
660 1051 744 1115 omni
765 1048 829 1115 iam
850 1049 1070 1134 impedimento
1093 1051 1121 1116 ei
1143 1051 1227 1118 obice
1258 1053 1378 1118 sublato
1400 1053 1504 1136 petui-

252 1185 322 1231 mus
344 1167 377 1231 in
400 1168 540 1250 apertum
555 1142 739 1250 perarmare
761 1186 833 1232 nam
856 1168 946 1233 antea
963 1166 1086 1251 quidem
1108 1187 1178 1234 cum
1194 1165 1353 1234 Gallorum
1375 1171 1504 1236 terrores

251 1285 282 1348 at
304 1282 438 1366 pericula
459 1282 492 1347 in
514 1283 607 1348 Italia
621 1285 820 1361 versarentur,
844 1303 971 1367 cumque
993 1283 1212 1366 percrebuisset
1228 1284 1328 1367 opinio
1351 1285 1412 1352 lere
1435 1305 1502 1352 orn-

253 1400 338 1464 nium
361 1399 532 1464 communis
555 1398 671 1463 viribus
694 1399 817 1464 illorum
840 1399 955 1465 diutius
985 1417 1046 1465 non
1067 1417 1156 1484 posse
1179 1400 1297 1477 resisti;
1327 1401 1395 1466 tum
1417 1401 1503 1467 vide·

251 1517 342 1582 batur
365 1516 452 1582 nobis
481 1515 653 1600 pontificiae
682 1535 827 1599 personae
857 1517 1093 1583 consentaneum
1123 1517 1229 1582 neutro
1253 1535 1285 1582 sc
1308 1516 1388 1595 dare,
1417 1519 1450 1583 at
1470 1517 1504 1582 in

251 1632 362 1699 mediis
385 1633 515 1698 aliomm
538 1631 782 1698 contentionibus
805 1631 976 1697 communis
999 1632 1096 1715 patris
1111 1651 1214 1717 gerere
1238 1651 1413 1715 personam;
1436 1634 1503 1698 tum

251 1769 320 1816 voro
344 1750 470 1815 timores
493 1750 524 1814 et
546 1749 679 1833 pericula
701 1748 800 1813 nostri
828 1749 860 1812 et
882 1749 1080 1814 ecclesiastici
1111 1749 1210 1814 status
1234 1767 1289 1814 noa
1312 1769 1346 1815 eo
1369 1749 1502 1816 addune-

249 1867 321 1931 rrmt
336 1868 371 1931 ut
386 1865 418 1930 et
432 1864 605 1931 nostrarum
621 1884 722 1931 rerum
738 1863 932 1930 securitatem
948 1865 986 1928 ab
1001 1864 1068 1947 ipso
1083 1865 1267 1930 Francorum
1291 1885 1361 1948 rege
1377 1885 1501 1949 quaere-

251 2001 353 2047 remus
376 1983 408 2046 et
430 1980 568 2046 vicissim
583 1981 611 2045 ei
633 1980 720 2045 illam
737 1999 755 2044 a
770 1979 858 2045 nobis
882 1980 1106 2063 mundaremus,
1130 1999 1189 2063 qua
1204 1981 1401 2047 conventione
1422 1980 1504 2046 facta

253 2117 323 2164 oum
346 2098 513 2163 maritorum
527 2096 642 2180 iniquis
665 2096 936 2162 obtrectationibus
953 2099 1098 2180 tanquam
1122 2095 1252 2162 aliarum
1273 2098 1408 2181 partium
1430 2097 1505 2164 facti

252 2213 502 2278 insimularemur
540 2211 731 2294 perstitimus
760 2212 919 2277 tamenin
949 2213 1089 2294 suscepta
1118 2213 1321 2292 neutralitatis,
1350 2213 1504 2297 totiusque

252 2329 327 2394 balli
356 2327 517 2406 iudicium,
548 2327 580 2392 in
609 2346 667 2410 que
696 2346 752 2394 uos
782 2328 915 2393 multrun
944 2326 1093 2392 momenti
1123 2327 1218 2394 tacere
1248 2329 1453 2411 potuissemus
1477 2329 1505 2394 si
1611 2343 1620 2354 ·

251 2445 369 2511 alienae
391 2444 556 2510 voluntatis
572 2443 745 2520 miscemus,
761 2445 825 2508 Deo
847 2443 1049 2526 omnipotenti
1071 2443 1275 2528 permisimus,
1299 2445 1352 2528 qui
1375 2464 1430 2509 sua
1451 2444 1501 2510 iu·

250 2561 364 2628 effabili
387 2559 584 2644 providentia
613 2560 760 2642 quantum
784 2560 814 2624 et
837 2559 975 2624 Caesaris
998 2578 1088 2625 eausa
1112 2560 1211 2638 vellet,
1234 2561 1265 2625 et
1288 2579 1359 2626 suae
1383 2561 1504 2626 sanctae

251 2677 322 2744 fidei
345 2675 505 2742 aansare
527 2677 705 2760 expectaret,
727 2675 882 2759 inopinato
905 2677 937 2741 ot
958 2675 1134 2741 admirabili
1156 2676 1300 2742 beneficio
1323 2676 1502 2752 declaravit;

251 2812 323 2878 ergo
345 2793 401 2858 heo
425 2793 469 2858 sic
492 2792 597 2858 ellectu
628 2793 707 2872 sunt,
736 2809 813 2876 quae
835 2791 924 2857 nobis
953 2791 1036 2857 exitu
1058 2790 1125 2874 ipso
1146 2793 1236 2875 grata
1258 2793 1289 2858 et
1310 2793 1446 2876 probata,
1469 2792 1503 2857 in

252 2909 457 2994 expectatione
480 2909 572 2975 dubia
595 2910 626 2974 et
641 2907 730 2974 anxia
752 2907 931 2983 entiteumt3
954 2906 1007 2972 ubi
1030 2908 1133 2972 autern
1147 2908 1282 2991 primum
1304 2909 1389 2974 locus
1411 2907 1502 2974 datus

251 3025 388 3092 estsine
417 3023 565 3108 pontificii
593 3024 716 3091 honoria
745 3023 910 3108 preiudicio
939 3023 1064 3106 iungere
1086 3041 1141 3089 nos
1165 3022 1295 3103 Caesari,
1324 3043 1380 3091 neo
1401 3023 1502 3091 solum

253 3141 365 3208 amoris
388 3141 511 3225 pristini
533 3139 600 3219 tide,
624 3139 677 3205 sed
699 3139 819 3205 vinculo
842 3139 935 3205 etiam
952 3138 1141 3205 sanctissimi
1163 3141 1194 3205 et
1217 3139 1354 3224 perpetui
1376 3139 1501 3216 federis3

253 3276 310 3342 quo
334 3257 437 3323 animo
460 3259 491 3322 et
513 3255 683 3322 cuiusmodi
706 3255 806 3321 studio
829 3255 862 3321 id
884 3254 1079 3333 effecerimus,
1102 3255 1229 3322 habebis
1252 3274 1313 3321 non
1337 3257 1434 3323 solum
1453 3275 1500 3320 re-

254 3375 337 3439 ctum
354 3373 406 3440 sed
421 3393 527 3439 rerum
542 3374 573 3438 et
588 3372 743 3438 conscium
758 3370 833 3436 dicti
848 3371 894 3437 Jo.
911 3371 1119 3436 Bartholomei
1141 3371 1368 3448 testimonium
1391 3391 1500 3456 quam·

254 3509 347 3574 quam
369 3507 425 3555 nos
447 3489 532 3555 nullo
555 3490 633 3553 teste
656 3487 757 3571 magis
772 3487 900 3553 nitimur
923 3505 1015 3570 quarn
1037 3487 1222 3552 conscientia
1244 3487 1275 3551 et
1298 3486 1444 3552 venata„
1466 3487 1502 3552 ln

251 3605 317 3690 ipso
341 3605 463 3689 quidem
478 3605 577 3670 tedere
600 3604 757 3669 tractando
772 3603 845 3687 quid
860 3623 915 3670 nos
931 3601 1069 3668 Caesaris
1092 3601 1288 3686 amplitudini
1304 3602 1501 3669 tribuerimus

253 3741 301 3789 res
323 3721 392 3805 ipsa
414 3720 506 3786 fidem
529 3720 627 3786 faciet.
680 3719 770 3786 Nune
793 3719 912 3804 quando
935 3719 997 3786 iam
1012 3720 1099 3786 ledus
1123 3719 1218 3784 ictum
1240 3721 1288 3784 est
1310 3720 1341 3784 et
1363 3721 1502 3784 aeternae

253 3855 289 3902 ao
312 3836 477 3921 singularis
499 3835 652 3902 amicitiae
675 3835 845 3903 coniunctio
874 3835 1064 3900 corroborata
1087 3835 1145 3900 etsi
1167 3835 1198 3900 te
1220 3835 1274 3899 tua
1304 3836 1410 3918 sponte
1433 3853 1500 3899 om-

252 3952 343 4018 nibus
367 3951 475 4018 officiis
490 3951 562 4017 huic
577 3951 780 4018 coniunctioni
796 3950 1033 4034 suffragaturum
1052 3950 1200 4029 novimus,
1224 3949 1375 4014 voluimus
1398 3951 1501 4015 tamen

252 4067 369 4132 hortari
391 4067 581 4134 devotionem
604 4068 690 4132 tuam
719 4068 754 4132 ut
776 4066 807 4130 et
829 4084 884 4130 nos
907 4066 974 4149 ipsa
998 4065 1058 4131 sibi
1086 4065 1354 4148 persuasissimum
1377 4065 1503 4131 baberet

252 4183 368 4266 optima
391 4183 450 4249 tide
480 4183 597 4250 sincera
626 4181 781 4248 voluntate
811 4181 973 4246 accessisse
1003 4180 1042 4247 ad
1065 4179 1336 4246 confederationem
1359 4181 1446 4259 harno,
1469 4181 1502 4246 in

251 4298 365 4382 illaque
386 4299 530 4382 perpetuo
552 4315 766 4382 permansuros
783 4315 859 4374 esse,
881 4298 912 4361 et
926 4294 964 4362 de
979 4295 1085 4362 eadem
1100 4315 1132 4361 re
1148 4312 1243 4362 ser.mo
1265 4295 1387 4361 Caesari
1409 4295 1501 4362 fidem

171 4427 177 4436 ·
251 4433 305 4499 pro
328 4413 415 4480 nobis
439 4414 506 4498 ipsa
528 4415 674 4497 preberet.
721 4409 820 4492 Quam
849 4411 959 4478 federis
991 4410 1232 4477 coniunctionem
1256 4412 1319 4476 Deo
1349 4411 1501 4478 altissimo
