3380 5088
674 361 919 430 -237—

168 559 308 653 cohibere
330 559 464 646 potuerit
486 559 560 646 quin
584 579 616 626 se
639 560 688 627 vel
703 560 825 644 praelio,
838 559 877 643 si
900 559 997 626 nostri
1012 559 1146 642 condoma
1168 579 1293 628 manum
1317 559 1421 640 velint,

168 679 217 744 vel
232 677 450 762 expugnationi
464 680 496 744 et
511 675 674 761 direptioni
688 675 817 742 urbium
842 676 869 742 si
884 675 1031 743 cesserint
1051 677 1193 760 paratum
1207 677 1423 762 ardentemque

168 793 282 872 offerat,
305 813 375 859 oum
391 794 495 859 contra
511 811 528 858 a
544 793 631 878 parte
645 794 750 858 nostra
766 792 844 858 nihil
860 791 1025 858 admodum
1042 792 1107 877 spei
1129 795 1183 858 aut
1197 792 1325 860 fiduciae
1341 793 1421 860 nihil

168 909 250 974 firmi
273 910 437 995 apparatus
460 910 509 974 sit
556 908 642 990 Quod
665 907 912 992 praemonuimus
942 906 1065 992 quidem
1087 909 1177 975 antea
1199 887 1290 993 saepe
1310 911 1341 975 et
1362 910 1419 975 ob-

168 1025 275 1090 testati
299 1045 404 1091 sumus
421 1026 486 1090 tam
510 1030 614 1092 ser.tem
630 1025 717 1090 tuam
740 1042 832 1108 quam
847 1023 980 1108 reliquos
999 1023 1182 1092 christianos
1204 1024 1364 1116 principes,
1388 1026 1422 1090 ut

167 1139 244 1206 ferre
268 1159 356 1226 opem
371 1141 493 1207 mittero
516 1139 664 1206 auxilium
686 1139 794 1207 fulcire
809 1139 930 1206 munem
954 1140 1043 1225 regni
1057 1140 1244 1207 nobilissimi
1266 1161 1336 1208 cum
1351 1161 1419 1208 ma-

167 1256 250 1320 rima
272 1256 508 1322 christianitatis
523 1255 656 1341 pernicie
679 1256 779 1322 casuri
801 1256 863 1322 nisi
886 1275 941 1322 sua
958 1255 1085 1340 quisque
1109 1275 1163 1341 pro
1178 1258 1264 1340 parte
1287 1275 1374 1340 opem
1391 1259 1423 1321 et

169 1390 295 1437 manum
304 1371 468 1452 attulisset
484 1355 606 1438 vellent.
624 1369 706 1451 Quae
723 1372 750 1436 si
764 1391 867 1457 preces
883 1373 1000 1438 monita
1008 1371 1286 1458 obtestationesque
1300 1374 1435 1439 nostrae·

169 1486 248 1571 apud
263 1487 402 1553 animum
417 1489 506 1557 tuum
525 1488 696 1555 valuissent
718 1489 749 1555 et
772 1487 910 1567 aliorum,
933 1489 1037 1553 tantm
1060 1506 1140 1553 nuno
1155 1487 1342 1554 calamitatis
1357 1487 1419 1566 do·

168 1602 264 1669 lorem
287 1622 348 1669 uon
362 1603 574 1687 acciperemus.
619 1604 664 1669 Ac
686 1621 741 1669 nos
758 1603 881 1689 quidem
896 1603 929 1669 id
945 1603 1206 1688 suppeditavimus
1221 1603 1327 1670 auxilii
1341 1603 1421 1688 quod

167 1718 339 1802 potuimns3
362 1719 475 1786 etenim
490 1719 529 1785 ad
552 1719 633 1786 bunc
647 1719 729 1786 diem
752 1739 821 1804 spes
838 1719 962 1786 illorum
986 1719 1146 1786 nationum
1161 1719 1274 1786 uostris
1289 1720 1421 1786 maximo

166 1834 327 1920 praesidiis
342 1836 455 1901 nostris
470 1834 607 1919 pecuniis
624 1837 794 1902 sustentata
809 1837 865 1916 est
879 1854 1017 1920 nuncque
1031 1833 1170 1920 peditum
1179 1835 1422 1920 quinquemilia,

168 1951 286 2036 equites
309 1951 453 2018 ducentos
477 1951 533 2017 sub
556 1951 654 2038 signis
676 1952 709 2018 in
730 1951 869 2037 Ungaria
890 1952 1051 2028 babemus3
1074 1971 1170 2036 noque
1192 1951 1275 2018 aliud
1297 1952 1422 2017 firmum
1507 2033 1510 2044 Ι

168 2069 203 2133 ut
224 2065 323 2134 adbuc
345 2069 470 2153 apparet
492 2069 525 2133 in
547 2068 601 2134 illo
623 2069 710 2134 tanto
725 2069 809 2134 metu
825 2069 856 2134 ot
870 2068 1003 2152 periculo
1020 2066 1190 2152 ngaricae
1212 2067 1331 2136 nationi
1346 2068 1420 2134 eub-

169 2182 289 2249 sidium.
337 2181 397 2248 Sed
419 2184 447 2248 si
475 2184 648 2268 temporum
671 2184 702 2249 et
731 2203 833 2250 rerum
856 2183 932 2249 dura
962 2182 1128 2248 necessitas
1158 2201 1213 2250 nos
1244 2183 1421 2250 domesticis

168 2299 276 2366 ltaliae
306 2300 394 2365 rebus
425 2299 598 2386 impendere
626 2300 745 2384 partem
776 2282 864 2365 curae
894 2299 1013 2383 stopie
1036 2299 1283 2384 uonooegisset‚
1313 2298 1421 2366 maiori

168 2415 261 2480 etiarn
284 2414 396 2481 auxilio
420 2414 579 2482 subvenire
601 2415 650 2481 illi
672 2434 765 2501 regno
789 2414 953 2481 fuissemus
976 2415 1085 2482 conati
1123 2415 1239 2496 Verum
1261 2418 1366 2482 brnen
1389 2415 1421 2484 in

168 2531 271 2596 nostro
293 2548 381 2616 opere
403 2531 494 2616 atque
515 2529 615 2597 officio
645 2531 748 2615 ecquis
770 2550 842 2597 nam
866 2529 968 2597 extitit
990 2530 1174 2596 christianus
1197 2530 1346 2616 princeps,
1369 2530 1421 2615 qui

168 2647 288 2730 partem
310 2647 469 2713 nobiscum
491 2647 622 2713 voluerit
652 2647 800 2713 sustinere
828 2646 941 2712 laboris
964 2647 996 2712 et
1017 2645 1187 2730 impendii?
1217 2665 1287 2713 cum
1315 2647 1420 2713 tamen

168 2762 261 2828 ceteri
283 2763 502 2848 temporalibus
525 2762 653 2851 bouis-a
676 2763 808 2830 Domino
830 2763 895 2829 Deo
917 2763 1019 2848 magis
1041 2782 1132 2847 quam
1149 2781 1204 2829 nos
1226 2762 1326 2828 ornati
1349 2762 1420 2842 sint,

168 2897 203 2944 ao
225 2880 392 2945 ceterorum
415 2877 602 2946 florentiores
630 2898 694 2960 res,
725 2881 848 2946 nostrae
877 2879 909 2945 et
935 2877 1027 2944 buius
1058 2877 1187 2945 Sanctae
1209 2877 1296 2945 Sedis
1325 2880 1418 2946 vobe-

168 2997 287 3062 menter
301 2995 425 3060 attritae
448 2995 480 3061 et
494 2996 672 3061 extenuatae
695 2995 766 3061 sint
797 2993 887 3061 Nunc
902 2995 977 3060 baec
1000 3012 1121 3060 summa
1136 2995 1191 3060 est.
1222 2995 1420 3079 Deploratum

169 3111 200 3176 et
221 3110 375 3196 perditum
405 3110 589 3178 christianae
611 3111 810 3196 reipublicae,
840 3110 903 3176 nisi
924 3111 1007 3176 Deus
1035 3110 1154 3194 potenti
1184 3127 1239 3176 sua
1268 3129 1360 3176 manu
1390 3112 1420 3176 et

169 3227 274 3292 celesti
295 3245 351 3311 ope
372 3225 537 3311 provideat,
559 3245 689 3311 regnum
710 3245 777 3292 esse
806 3225 1076 3304 florentissimum
1105 3228 1159 3292 aut
1181 3226 1274 3293 otiam
1298 3225 1325 3291 si
1347 3227 1421 3310 quid

169 3341 273 3408 auxilii
302 3343 335 3408 in
357 3342 533 3409 christianis
563 3341 751 3427 principibus
781 3361 847 3408 esse
869 3343 970 3426 potest
999 3341 1061 3407 nisi
1084 3343 1202 3408 matiana
1224 3342 1255 3409 et
1284 3341 1421 3408 celeriter

169 3459 373 3538 subveniatur,
396 3459 540 3544 exiguum
562 3458 601 3524 ad
624 3460 754 3543 tempus,
777 3475 872 3543 regua
895 3459 926 3524 et
948 3457 1015 3524 loos
1037 3458 1093 3523 illa
1116 3457 1219 3524 omnia
1241 3456 1281 3523 ad
1297 3458 1421 3542 tyranni

169 3575 335 3642 'lbnrcarum
358 3594 468 3642 nomen
483 3577 515 3641 et
529 3575 698 3660 potentiam
716 3592 882 3654 accessura
905 3575 940 3640 ut
955 3574 1043 3641 uobis
1066 3573 1201 3658 quotidie
1224 3573 1257 3640 in
1272 3573 1420 3658 angulum

168 3691 270 3777 magis
293 3691 424 3758 redactis
446 3693 477 3757 et
499 3691 670 3770 coarctetis,
691 3691 745 3758 ille
767 3691 806 3757 ad
830 3690 890 3757 sibi
913 3691 1016 3756 omnia
1046 3689 1267 3756 subiiciendum
1290 3691 1322 3755 ot
1343 3689 1419 3754 viri-

169 3808 226 3874 bus
250 3808 314 3874 suis
337 3809 368 3873 et
382 3809 486 3874 nostra
509 3807 699 3893 negligentia
721 3807 776 3872 fiat
797 3806 939 3890 paratior.
978 3806 1060 3872 Haeo
1077 3807 1240 3872 scribimus
1262 3805 1310 3872 fili
1324 3822 1420 3881 carrus

170 3923 208 3989 ad
231 3928 335 3990 senten
359 3925 444 3990 tuam
467 3923 608 3990 omnibus
632 3923 720 3988 illam
749 3923 888 4007 precibus
918 3923 1126 4002 obsecrantes,
1156 3922 1192 3987 ut
1213 3920 1294 3987 tanti
1322 3920 1418 3988 detri-

170 4039 266 4106 menti
288 4059 306 4104 a
329 4039 495 4107 christiano
518 4039 640 4107 nomine
655 4038 853 4124 propulsandi
875 4038 1009 4122 aliquam
1032 4037 1120 4104 nobis
1136 4039 1254 4122 partem
1277 4038 1309 4104 ct
1332 4037 1418 4103 solll-

170 4155 337 4222 citudinem
359 4155 397 4221 ad
420 4156 558 4222 animum
580 4157 669 4221 tuum
697 4155 868 4240 pervenire,
898 4155 1036 4239 quodque
1066 4171 1154 4238 saepe
1175 4152 1292 4219 hortati
1313 4172 1420 4219 sumus

169 4271 201 4338 id
222 4271 369 4358 praemdii
390 4272 514 4339 mittere
535 4271 614 4359 quod
637 4270 685 4338 vel
707 4270 843 4355 pecuniis
865 4272 915 4337 vol
937 4271 1031 4336 armis
1053 4271 1247 4355 ingruentem
1269 4268 1420 4354 impetum

169 4388 249 4455 tanti
271 4388 371 4480 hostis
393 4389 496 4474 aliqua
518 4389 654 4474 exparte
677 4387 815 4453 cohibere
829 4387 935 4472 possit.
981 4387 1047 4454 Hoc
1068 4387 1172 4455 auam
1186 4383 1329 4470 petimus,
1351 4385 1420 4450 tum

169 4507 291 4594 propter
319 4505 455 4596 debitum
478 4525 544 4596 'quo
567 4505 631 4572 Deo
654 4524 686 4570 es
710 4503 863 4583 astrictus,
893 4506 959 4588 tum
989 4506 1111 4588 propter
1143 4501 1276 4567 officium
1300 4499 1420 4586 quoda
