3400 5088
654 389 899 456 -127-

148 587 294 674 religione
317 588 348 654 et
370 587 538 673 prudentia,
560 587 606 653 ita
629 586 806 662 sentiamus,
830 585 864 650 01
886 582 923 649 10
945 583 1094 649 catholiea
1116 583 1195 649 0110
1217 582 1325 667 primis
1348 601 1401 649 er·

148 706 276 772 00110010
291 705 418 770 muliere
434 703 626 769 sentiendum
641 704 697 781 est
716 720 807 785 quam
821 700 883 784 ipsi
899 701 1013 766 scimus
1029 718 1087 783 000
1102 699 1225 784 ingenio
1240 701 1271 765 et
1287 701 1401 783 000010

149 822 263 906 polleat
285 821 406 900 virtute,
428 820 529 886 tecum
545 817 767 885 communicare
782 836 851 882 eam
873 835 978 882 curam
1001 816 1162 894 voluimus,
1185 835 1261 902 0000
1277 835 1332 881 000
1347 834 1401 899 pro

150 937 296 1022 pastorali
319 938 422 1002 nostro
437 934 536 1002 0111010
559 932 753 1000 vehementer
768 932 888 1016 premit.
935 931 1092 998 Habemus
1115 931 1197 998 enim
1213 934 1284 997 0010
1300 933 1401 996 oeulos

151 1054 270 1119 nostros
300 1051 488 1136 propositum
519 1050 592 1134 quid
614 1069 633 1114 a
655 1049 743 1114 uobis
772 1047 906 1132 postulet
927 1049 958 1113 01
981 1047 1115 1130 requirat
1144 1048 1209 1131 ipse
1233 1048 1324 1124 Deus,
1354 1048 1403 1112 eui

152 1169 210 1234 soli
232 1186 361 1251 reguum
384 1166 555 1231 animarum
580 1165 750 1231 subiectum
772 1164 828 1241 est
851 1163 961 1248 quibus
977 1163 1062 1228 00110
1085 1165 1133 1229 001
1155 1164 1324 1247 preciosior,
1348 1183 1403 1228 nec

152 1283 277 1350 maioris
299 1281 491 1349 aestimanda
512 1280 672 1365 possessio,
696 1279 787 1344 huius
810 1278 898 1362 regni
915 1278 1038 1344 tutandi
1059 1281 1091 1345 et
1112 1278 1294 1346 defendendi
1315 1281 1402 1346 labo·

152 1419 217 1465 rem
240 1400 328 1465 uobis
342 1399 435 1464 huius
449 1417 540 1483 quem
555 1395 691 1480 gerimus
713 1395 838 1461 honoris
860 1394 977 1478 pondus
993 1394 1093 1472 infert
1117 1413 1176 1480 000
1192 1395 1272 1460 vices
1289 1393 1405 1461 Christi

153 1517 302 1601 gerentes,
325 1514 361 1581 de
391 1513 485 1579 saluti
513 1513 686 1578 animarum
717 1510 842 1578 solliciti
870 1530 937 1577 esse
966 1509 1119 1577 debemus
1165 1510 1230 1576 Nec
1259 1511 1405 1577 desumus

154 1631 261 1710 0111010,
284 1649 344 1714 000
366 1630 487 1694 000100
509 1628 663 1712 pertinent
684 1626 861 1703 100011010ος
884 1645 957 1692 nam
979 1628 1010 1691 et
1032 1626 1158 1692 consilio
1180 1629 1212 1693 et
1233 1627 1406 1694 hortatione

154 1750 185 1813 01
207 1765 278 1812 cura
301 1742 899 1824 0100001110000011100001000100ος
923 1742 950 1807 si
973 1742 1025 1828 qui
1048 1761 1117 1808 vero
1134 1744 1206 1808 0001
1220 1743 1404 1828 pertinacio-

154 1883 212 1940 res,
235 1864 289 1927 aut
311 1861 337 1926 si
354 1880 482 1946 quorum
503 1860 587 1926 furor
609 1859 775 1924 salutarem
790 1857 973 1924 medicinam
996 1858 1128 1942 pastoris
1145 1859 1193 1923 sui
1208 1878 1268 1924 non
1289 1861 1406 1945 recipit,

155 1979 244 2045 nobis
266 1978 314 2043 001
336 1977 375 2042 01
398 1975 586 2061 principatus
609 1976 641 2041 et
662 1975 829 2058 potestates
852 1974 1098 2058 confugiendum,
1121 1977 1152 2041 01
1174 1996 1279 2043 eorum
1301 1977 1404 2061 prori-

156 2093 260 2160 dentia
282 2093 322 2158 ad
344 2091 491 2158 auxilium
513 2090 689 2170 invocanda,
711 2091 747 2156 ut
769 2109 874 2157 eorum
889 2090 1069 2156 auctoritate
1092 2093 1123 2157 01
1146 2093 1238 2172 metu,
1261 2092 1313 2179 qui
1328 2092 1406 2159 alias

156 2210 326 2294 negligomt
343 2208 382 2274 01
397 2207 561 2274 sanitatem
576 2207 765 2274 reducantur.
798 2207 864 2273 Hoc
878 2225 933 2274 000
949 2207 1076 2273 oonsilio
1090 2208 1275 2292 requirimus
1290 2210 1406 2276 nossem

157 2328 243 2391 tuam
266 2327 390 2409 paterne
413 2326 502 2409 01000
525 2325 672 2402 amanter,
702 2325 737 2388 ut
758 2322 865 2388 adesse
887 2323 974 2389 nobis
998 2323 1036 2388 01
1065 2324 1230 2390 iuvandam
1253 2345 1318 2392 rem
1341 2325 1407 2406 Dei,

158 2443 189 2507 et
210 2441 302 2507 fidem
326 2439 442 2506 Christi
469 2439 700 2506 immaculatum
730 2439 966 2505 conservandam
994 2439 1070 2506 ferre
1093 2459 1181 2524 opem
1203 2441 1286 2522 velit
1308 2441 1342 2508 10
1364 2443 1409 2510 010

156 2557 232 2622 10010
255 2556 443 2640 praesertim,
465 2555 499 2621 10
514 2553 625 2639 001100
648 2556 682 2620 10
697 2556 729 2621 01
750 2553 874 2621 iubendi
890 2556 921 2621 01
936 2555 1059 2621 vetandi
1074 2557 1193 2623 obtines
1218 2557 1408 2642 potestatem.

158 2673 203 2738 Aa
225 2672 365 2738 novimus
388 2671 512 2754 quidem
533 2671 608 2735 haec
630 2671 713 2736 mala
735 2669 812 2754 ipsa,
834 2671 894 2738 tibi
916 2670 1083 2754 displicere,
1107 2673 1212 2739 sedin
1234 2675 1322 2740 10010
1343 2675 1408 2742 vir-

157 2789 223 2853 tute
245 2789 277 2853 01
298 2788 385 2852 10010
400 2786 551 2870 potestate
566 2787 628 2865 tua
651 2805 711 2852 000
735 2786 834 2852 solum
850 2786 1063 2871 aegreferenda
1079 2789 1151 2854 sunt
1173 2809 1249 2873 quae
1265 2790 1409 2857 adversus

158 2905 290 2969 veterem
313 2921 428 2968 morem
444 2903 566 2968 sanctae
580 2901 724 2968 eeclesiae
747 2902 905 2968 tentantur
925 2904 957 2969 et
971 2903 1172 2987 proferimur,
1195 2907 1409 2972 verumetiam

158 3019 240 3085 iusta
262 3017 423 3084 severitate
445 3017 637 3084 vindicanda.
683 3017 794 3084 Icoirco
818 3017 901 3084 enim
924 3020 1032 3085 nobee
1055 3022 1108 3086 tua
1130 3021 1282 3105 praefecta
1304 3037 1323 3087 a
1344 3022 1410 3088 Deo

159 3134 297 3201 catillis
326 3133 461 3218 populis,
485 3135 520 3199 01
548 3133 582 3200 10
610 3134 781 3202 0101100110
810 3154 862 3201 eos
892 3135 1022 3201 retineat
1050 3142 1081 3202 01
1104 3137 1162 3204 Dei
1191 3140 1222 3204 01
1250 3139 1410 3206 maiorum.

159 3249 266 3335 Neque
288 3269 357 3316 vero
386 3251 421 3314 tu
443 3251 513 3333 post
541 3249 630 3315 illum
652 3250 743 3331 diem,
773 3251 826 3335 qui
854 3252 1006 3318 extremus
1028 3253 1154 3335 paratus
1183 3256 1231 3319 001
1259 3253 1410 3334 omuibus,

159 3366 321 3450 quicquam
342 3363 420 3431 ferre
442 3366 555 3450 poteris
578 3386 613 3432 er
636 3367 731 3433 tantis
755 3367 862 3451 opibus
892 3367 1003 3451 quibus
1025 3367 1164 3452 praedita
1185 3374 1319 3436 nuncet
1341 3373 1411 3437 0010

158 3482 295 3548 tribunal
311 3482 424 3549 summi
439 3483 506 3562 Dei,
529 3482 609 3567 quod
624 3484 725 3568 magis
740 3483 799 3550 tibi
812 3483 979 3568 patrocinio
995 3484 1026 3550 01
1041 3483 1216 3552 adiumento
1231 3504 1298 3552 esse
1312 3487 1411 3570 possit

161 3595 200 3662 ad
221 3597 429 3663 immortalem
451 3600 575 3665 beatam
596 3599 693 3664 vitam
716 3598 965 3684 consequendam,
987 3617 1079 3684 quam
1095 3618 1200 3667 curam
1222 3603 1253 3667 et
1276 3601 1409 3686 diligen·

161 3713 237 3779 tiam
261 3713 432 3779 adhibitam
454 3715 535 3781 inter
557 3715 635 3794 tuos,
664 3715 700 3780 ut
722 3713 897 3780 animarum
920 3716 1012 3794 salus,
1042 3734 1170 3800 quumm
1193 3717 1325 3783 maxime
1347 3718 1412 3783 Deo

161 3847 232 3894 curu
253 3831 309 3908 est,
338 3829 486 3896 inuiolata
515 3831 725 3911 custodiretur,
754 3832 810 3897 lroc
832 3833 880 3897 est
908 3831 1065 3915 proprium
1094 3832 1218 3898 virtutis
1248 3834 1326 3911 tuae,
1356 3833 1412 3899 hoc

162 3944 285 4028 pietatis
308 3947 338 4012 01
367 3946 524 4030 religionis
554 3965 646 4030 quarn
677 3966 796 4030 semper
817 3966 890 4031 erga
912 3947 1011 4013 Deum
1040 3947 1193 4031 integram
1223 3951 1414 4032 praestitisti,

163 4061 198 4126 ut
212 4063 244 4127 et
258 4061 346 4126 retus
368 4062 438 4127 tuae
460 4062 560 4128 laudis
575 4063 677 4147 opinio
693 4064 774 4147 apud
788 4082 893 4129 omnes
916 4063 1055 4129 homines
1071 4065 1274 4144 confirmetur,
1296 4069 1328 4132 et
1344 4085 1413 4150 spes

164 4176 269 4242 beatae
292 4177 535 4243 immortalitatis
551 4177 610 4244 tibi
632 4179 712 4263 apud
728 4181 826 4244 Deum
850 4179 892 4244 011
913 4179 1103 4263 exploratior.
1143 4179 1208 4246 Nos
1230 4182 1289 4246 hae
1307 4183 1412 4249 eadem

164 4290 200 4358 10
222 4313 255 4358 re
277 4293 316 4360 ad
339 4292 391 4359 dil.
408 4291 506 4358 filium
529 4296 668 4360 nostrum
691 4294 863 4361 ldrbardum
885 4293 933 4360 111.
958 4293 1008 4360 Sti
1028 4293 1192 4380 Grisogoni
1212 4299 1415 4381 presbiterum

163 4407 289 4474 carolem
311 4407 508 4474 leodiensem
532 4409 694 4476 scribimus
716 4411 911 4494 iniungentes
934 4412 969 4475 ut
991 4410 1185 4496 diligentiam
1208 4414 1239 4478 et
1263 4412 1413 4478 sollieitu-

164 4523 266 4589 dinem
289 4525 368 4590 circa
391 4525 451 4590 1010
475 4525 627 4605 adhibeat,
651 4526 699 4591 oui
722 4529 776 4592 tua
797 4527 906 4593 nobas
928 4527 1012 4593 omni
1027 4546 1081 4611 ope
1105 4531 1136 4592 01
1159 4529 1270 4594 auxilio
1287 4531 1320 4592 ut
1341 4527 1414 4594 00111
