3366 5084
768 343 990 410 ..24-

255 552 372 620 quoque
395 536 555 603 serenitati
575 536 677 622 magis
699 537 776 604 utile
791 539 822 603 et
836 535 1005 621 proficuum
1026 535 1157 604 inveniri
1171 555 1271 620 posse,
1294 534 1409 600 brimus
1425 532 1506 618 opud

252 653 413 736 utramque
435 655 555 736 partem
579 672 717 720 suasores
740 655 772 719 et
793 654 964 720 hortatores
986 654 1070 737 pecie
1094 655 1184 737 atque
1206 650 1326 737 quietis.
1349 649 1400 715 Ita
1421 649 1504 716 enim

252 766 463 834 iudicabamus
485 768 582 834 tantis
605 769 637 834 et
658 769 743 834 intus
764 769 901 849 inclusis,
923 770 955 835 et
976 769 1162 835 extrinsecus
1178 767 1366 852 urgentibus,
1388 767 1421 831 et
1441 764 1503 830 im-

254 881 443 949 minentibus
473 883 696 950 christianitati
724 885 875 968 periculis,
908 885 974 950 sine
1002 883 1169 950 domestica
1190 901 1264 967 pace
1286 883 1318 948 et
1339 879 1505 960 eoncordia,

257 998 360 1064 omnia
382 997 422 1064 ad
443 999 571 1066 exitium
594 1001 685 1084 atque
698 1000 860 1068 interitum
881 1001 989 1084 parata
1010 1019 1092 1067 esso:
1114 1001 1220 1084 postea
1234 1017 1304 1066 vero
1323 1015 1416 1081 qnam
1430 997 1505 1062 haec

254 1114 424 1181 novissima
448 1117 665 1196 successenmt
687 1136 750 1183 non
771 1117 874 1182 minus
897 1117 985 1182 nobis
1008 1116 1179 1201 quaerenda
1200 1115 1267 1181 visa
1289 1114 1390 1180 estet
1412 1111 1504 1196 flagi·

253 1230 348 1297 tende
369 1249 444 1316 pax:
473 1249 566 1315 quam
588 1232 710 1298 utinam
732 1231 777 1298 eis
800 1232 1023 1298 conditionibus
1045 1250 1210 1316 proponere
1238 1248 1406 1314 possemus,
1428 1245 1505 1312 qnae

252 1347 395 1413 omnibus
417 1348 524 1432 gratae
544 1349 577 1414 et
597 1348 741 1431 probatae
763 1350 873 1414 essent.
904 1345 1108 1428 Quamobrem
1129 1365 1186 1412 nos
1202 1345 1394 1412 serenitatem
1418 1344 1504 1408 tuam

252 1463 411 1532 hortamur
432 1464 464 1530 et
485 1463 668 1548 requirimus
696 1465 740 1542 ut
768 1465 857 1530 bene
873 1463 1072 1530 consideratis
1094 1463 1126 1528 et
1148 1461 1311 1546 diligenter
1338 1457 1505 1543 perspectis

252 1579 342 1646 rebus
358 1579 509 1658 omnibus,
524 1578 557 1644 id
572 1579 674 1662 capiat
689 1579 824 1659 consilii,
848 1579 929 1663 quod
943 1580 974 1645 et
988 1579 1052 1645 Deo
1074 1579 1106 1644 et
1121 1577 1305 1643 christianae
1320 1575 1504 1659 reipublicae

252 1695 416 1778 probatum
439 1693 488 1774 sit,
511 1695 543 1760 et
565 1694 697 1778 sapienti
718 1713 754 1759 ec
776 1694 1033 1761 christianissimo
1056 1693 1123 1779 regi
1145 1692 1311 1772 conveniat,
1333 1691 1448 1774 inquo
1471 1690 1503 1754 et

253 1808 416 1894 dignitatis
438 1810 509 1875 tuae
523 1810 592 1875 tuta
606 1809 693 1890 ratio,
717 1811 748 1876 et
763 1811 847 1875 sulus
862 1809 943 1894 apud
957 1810 1058 1875 Deum
1081 1811 1203 1875 aetema
1217 1808 1316 1892 possit
1330 1805 1503 1872 consistere.

251 1923 326 2005 Nos,
349 1925 409 1992 etsi
430 1924 569 1991 ridemus
599 1925 716 2009 aliquid
738 1926 807 2011 ipsi,
836 1929 942 1993 tamen
963 1926 1035 2010 quia
1063 1945 1124 1992 non
1146 1925 1250 1991 omnia
1277 1943 1354 2008 quae
1375 1921 1410 1987 in
1439 1939 1504 1986 rem

251 2041 323 2106 sunt
338 2039 506 2123 perspicere
521 2059 693 2124 possumus,
715 2042 785 2107 tuae
801 2042 980 2126 cogitationi
1002 2042 1033 2107 et
1054 2039 1266 2107 deliberationi
1286 2036 1503 2124 permittimus.

251 2154 334 2221 lilud
363 2155 486 2221 tantum
509 2155 639 2222 dicimus
668 2175 774 2222 casum
796 2176 899 2222 rernm
928 2158 960 2223 et
981 2159 1153 2241 temporum
1176 2157 1328 2234 eventum,
1356 2169 1505 2237 magnam

251 2269 317 2336 rim
347 2270 458 2336 babere
480 2270 514 2336 in
536 2271 673 2336 consiliis
704 2271 868 2356 capiendis.
913 2273 1025 2339 Amore
1054 2274 1135 2338 certe
1164 2271 1296 2357 quodam
1325 2269 1452 2335 ferimur
1472 2268 1505 2333 et

250 2385 418 2471 cupiditate
446 2388 478 2452 te
506 2386 707 2471 tranquillum
735 2391 937 2474 pacatumque
972 2389 1110 2466 videud13
1138 2406 1200 2454 non
1230 2387 1312 2453 enim
1341 2401 1504 2469 possumus

251 2519 386 2588 eaquae
409 2501 559 2581 eudimus,
589 2504 621 2568 et
643 2523 679 2569 ea
701 2523 777 2589 quae
800 2505 889 2588 qnasi
917 2503 1070 2572 cernimus
1100 2523 1161 2571 non
1183 2503 1404 2588 pertimescere,
1433 2517 1503 2564 cum

249 2617 351 2684 omnis
373 2619 523 2684 beliomm
546 2618 578 2684 et
599 2617 831 2684 inimicitiemm
854 2619 953 2685 exitus
976 2638 1086 2702 anceps
1110 2619 1160 2698 sit
1183 2619 1214 2684 et
1228 2619 1298 2702 plus
1321 2615 1428 2681 afferat
1442 2613 1503 2679 sere

248 2733 434 2800 incommodi
451 2751 544 2818 quem
559 2733 646 2810 boni;
670 2734 723 2801 sed
737 2735 772 2800 in
786 2753 1007 2819 quamcumque
1021 2735 1141 2819 partem
1162 2736 1194 2800 te
1209 2733 1337 2812 dederis,
1351 2729 1504 2797 voluimus

249 2851 305 2915 has
329 2851 360 2915 te
380 2849 492 2916 habere
514 2849 644 2928 litteras,
674 2850 768 2915 testes
797 2869 860 2916 non
889 2851 989 2916 solum
1017 2852 1139 2916 nostrae
1168 2847 1336 2915 voluntatis
1368 2864 1442 2930 erga
1462 2846 1502 2924 te,

248 2965 478 3032 verumetiam
511 2965 735 3045 sollicitudinis,
766 2984 860 3049 quam
882 2965 919 3031 de
948 2965 1151 3050 amplitudine
1180 2966 1242 3044 tue,
1271 2965 1303 3031 et
1325 2963 1415 3028 rebus
1439 2960 1502 3026 tuis

250 3080 442 3164 suscipimus.
480 3077 546 3145 Nos
570 3099 646 3164 quae
670 3080 729 3146 tibi
752 3081 847 3147 semel
869 3081 1037 3146 obtulimus
1061 3101 1097 3147 ea
1120 3099 1239 3165 semper
1260 3078 1294 3144 in
1315 3077 1405 3143 nobis
1427 3094 1501 3142 con·

250 3197 331 3261 stare
352 3195 492 3279 reperies,
516 3213 670 3261 summam
692 3214 765 3280 erga
791 3196 988 3294 serenitatem
1009 3196 1096 3261 tuam
1118 3194 1370 3275 benevolentiam
1392 3193 1424 3259 et
1445 3209 1502 3276 pa-

249 3312 371 3378 ternum
392 3309 427 3376 in
448 3311 518 3376 toas
540 3329 589 3376 res
613 3310 758 3392 sudium,
782 3312 868 3378 salva
881 3312 974 3378 huius
998 3314 1121 3378 sanctae
1137 3311 1218 3379 sedis
1241 3309 1400 3395 dignitate,
1424 3307 1504 3373 sicut

248 3425 342 3493 latius
365 3445 435 3492 cum
458 3425 568 3492 dilecto
596 3425 661 3492 tilio
682 3427 780 3494 nobiti
801 3427 866 3494 viro
888 3428 1014 3494 Alberto
1037 3427 1093 3493 Pio
1124 3427 1235 3493 comite
1264 3424 1355 3510 Carpi
1385 3424 1503 3489 oratore

249 3543 301 3607 tuo
324 3540 420 3607 locuti
442 3561 558 3621 sumus,
588 3542 637 3607 cui
659 3541 696 3608 de
717 3543 768 3608 his
791 3542 831 3609 ad
853 3543 884 3609 te
906 3544 1010 3610 nostro
1032 3542 1156 3609 nomine
1180 3540 1326 3607 scribenti
1355 3537 1503 3606 serenitas

248 3658 303 3722 ton
324 3655 417 3723 fidem
438 3657 572 3723 habebit
617 3658 734 3723 Datum
756 3658 792 3724 iii
813 3657 902 3726 Junii
923 3657 1070 3724 mdrxiiii
1115 3658 1203 3724 Anno
1225 3656 1333 3742 primo.

852 3856 903 3923 19.

781 3981 974 4046 Caesare

339 4115 560 4185 carissimam
582 4115 704 4184 Christo
733 4118 780 4186 fili
801 4121 905 4187 noster
933 4122 989 4187 etc.
1033 4120 1180 4204 Legimus
1209 4119 1299 4185 binas
1329 4117 1504 4185 serenitatis

250 4236 323 4300 tuae
344 4231 451 4301 eodem
472 4235 608 4318 tempore
638 4235 749 4300 altates
771 4235 892 4301 litteras
916 4236 1046 4320 scriptus
1075 4236 1115 4302 ad
1143 4251 1233 4302 venm
1254 4235 1382 4302 fratres
1404 4234 1503 4300 man-

252 4349 368 4416 ciecum
398 4348 574 4433 episcopum
596 4348 852 4431 Salamantinum,
882 4351 1054 4434 praelatum
1075 4351 1216 4416 nostrum
1238 4349 1448 4431 domesticum,
1470 4350 1505 4416 in

250 4484 380 4551 quarum
402 4464 508 4531 alteris
530 4483 607 4549 quae
629 4465 744 4549 priores
759 4466 848 4532 datae
864 4467 959 4546 erent
981 4466 1072 4532 illum
1094 4465 1266 4533 hortabaris
1290 4466 1327 4531 ut
1347 4465 1376 4531 is
1393 4465 1506 4532 reverti
