3396 5090
695 301 941 369 -157-

192 503 365 568 sanatorum
387 518 520 585 operum,
542 499 681 583 oupimus
703 498 762 566 Dei
784 497 872 564 nobis
894 497 996 582 gralia
1017 497 1048 562 et
1070 497 1124 562 tua
1146 497 1335 582 benignitate
1357 499 1442 583 aspi-

190 618 291 696 rante,
315 617 350 682 ut
372 616 494 702 legatus
516 616 620 681 noster
640 614 674 681 in
696 615 832 698 tempore
855 612 966 692 veniat,
996 632 1055 697 quo
1077 613 1224 678 interesse
1256 614 1441 680 salutaribus

191 733 460 802 deliberationibus
481 731 588 816 possit,
617 731 671 815 qui
691 731 786 797 etiam
808 729 935 795 consilia
958 729 1061 812 aliqua
1090 747 1151 795 non
1173 729 1304 810 inutilia,
1332 732 1367 796 ut
1389 749 1441 796 ar-

192 850 349 928 bitramur,
372 851 442 915 tuso
458 851 535 914 ser.ti
552 848 601 914 est
615 847 772 913 allaturus.
803 843 863 925 Qui
886 844 914 910 si
928 847 1094 930 opportune
1109 843 1273 925 mvenorit,
1288 845 1444 931 intelliget

193 969 287 1032 aar.tos
310 967 364 1030 tua
392 983 462 1030 oum
486 965 584 1029 salute
606 963 771 1029 ethonore
800 961 984 1027 ounstmnao
1013 960 1197 1044 reipublioae
1219 963 1305 1028 tuam
1328 963 1442 1046 ampli-

191 1059 329 1148 tudinem
344 1081 433 1147 uobis
449 1099 539 1164 supra
554 1079 657 1145 omnia
679 1081 791 1144 stesso
806 1078 838 1143 et
852 1095 971 1160 semper
993 1075 1088 1143 fuisse
1103 1077 1324 1144 chaussimam.
1358 1075 1444 1144 Siout

192 1197 285 1263 latius
314 1216 384 1263 oum
407 1214 444 1262 oa
465 1195 517 1262 dil
548 1195 630 1261 filius
660 1193 826 1259 Baldassar
854 1191 1057 1258 Oastilioueus
1087 1193 1224 1259 notarius
1254 1196 1285 1260 et
1314 1194 1443 1260 nuntius

192 1313 295 1380 noster
317 1313 402 1397 agab
426 1313 475 1378 oui
497 1313 552 1378 illa
575 1310 666 1378 iidem
688 1309 822 1375 habebit
867 1309 984 1374 Datum
1006 1308 1121 1375 Romae
1144 1311 1199 1375 eto.
1223 1309 1273 1376 die
1295 1330 1340 1376 xv.
1356 1310 1444 1377 Junii

192 1427 311 1495 rndurv.
356 1428 445 1494 Auno
469 1427 606 1495 sooundo.

609 1642 708 1726 Regi
739 1639 1024 1726 Portugalliae.

282 1777 391 1844 Missio
413 1777 518 1844 Rosae.
563 1775 651 1842 Junii
672 1775 754 1842 xrii'u
778 1773 896 1841 mdrnv.
942 1774 1031 1841 Anno
1054 1775 1192 1842 seeundo.

788 2037 859 2103 114.

724 2201 918 2264 Caesari

285 2358 449 2426 Carissimo
471 2359 527 2424 ete.
572 2355 630 2424 Tui
659 2357 844 2442 praestantis
872 2357 906 2423 in
934 2357 1136 2425 christianam
1166 2361 1386 2445 rempublicam
1415 2367 1447 2431 et

195 2476 375 2561 religionem
397 2475 494 2541 animi
515 2474 631 2540 multas
652 2473 766 2540 indioia
786 2474 850 2540 iam
873 2475 905 2539 et
927 2473 1107 2541 documenta
1124 2476 1271 2558 feruntur,
1294 2480 1326 2545 et
1345 2479 1446 2564 piata-

196 2593 260 2660 tem
281 2591 436 2677 quandam
457 2589 671 2657 admirabilem
693 2591 725 2656 et
747 2589 928 2674 sapientiam
952 2589 1146 2672 declarantia,
1168 2592 1249 2660 inter
1271 2613 1348 2678 quae
1368 2595 1447 2662 illud

197 2726 258 2774 non
280 2707 444 2773 minimum
466 2706 515 2772 val
538 2704 693 2792 singulare
713 2705 825 2790 potius,
847 2704 927 2790 quod
948 2705 1069 2772 antam
1091 2707 1181 2774 modo
1203 2708 1331 2795 adeptus
1348 2711 1446 2778 vieto·

197 2823 284 2902 riam,
307 2823 454 2908 quantam
476 2822 575 2888 multa
595 2821 677 2888 retro
700 2821 801 2888 amuda
822 2838 885 2887 non
903 2820 1051 2902 ridemnt,
1074 2824 1285 2909 prosperitatis
1308 2825 1448 2892 afflatum

197 2939 242 3006 ita
264 2937 438 3005 moderatus
461 2958 503 3018 es,
525 2939 561 3004 ut
582 2936 661 3004 illud
682 2938 763 3023 apud
785 2956 891 3006 omnes
913 2937 1030 3005 oelobre
1051 2937 1116 3004 iam
1132 2940 1181 3020 sit,
1205 2941 1235 3007 te
1257 2959 1319 3008 non
1340 2942 1448 3010 iooiroo

197 3056 346 3122 laetatum
369 3073 449 3120 esso·
464 3054 544 3139 quod
566 3052 604 3121 do
627 3052 794 3120 ohristiano
823 3073 895 3138 rego
916 3054 1076 3120 sictonam
1098 3055 1270 3139 reportaris,
1291 3055 1347 3123 sed
1369 3059 1449 3142 quod

198 3173 279 3238 bello
300 3171 385 3238 velut
405 3170 575 3237 necessario
597 3168 740 3250 oonteoto,
763 3171 796 3236 in
811 3170 915 3236 hostes
930 3170 989 3236 Dei
1011 3171 1043 3236 et
1063 3170 1205 3238 iuimioos
1227 3170 1299 3238 fidei
1321 3191 1447 3240 moven-

199 3288 306 3354 dorum
328 3305 482 3352 armornm
504 3286 639 3353 oblatam
661 3285 721 3352 tibi
734 3285 893 3372 intelligas
915 3305 982 3352 osse
1004 3288 1200 3367 oooasionem,
1223 3289 1352 3355 steorte
1375 3291 1449 3356 haee

199 3402 343 3489 cegitatio
372 3401 557 3487 dignissima
586 3402 748 3469 serenitate
769 3403 824 3468 tua
852 3402 914 3480 ost;
943 3421 1015 3469 vora
1043 3403 1126 3470 enim
1147 3403 1220 3470 huit
1248 3404 1308 3472 tibi
1329 3406 1449 3472 utilitas

200 3537 271 3586 vera
292 3518 391 3604 gloria
419 3517 651 3602 eomparabitur.
695 3519 736 3584 ut
758 3519 901 3603 quoniam
923 3538 978 3585 nos
1001 3517 1081 3584 niluil
1109 3518 1264 3586 ardentius
1294 3521 1448 3588 desidera-

200 3654 269 3701 mus
298 3653 391 3720 quam
419 3634 607 3720 temporibus
636 3635 749 3701 nostris
772 3634 875 3703 videre
904 3635 958 3719 qui
986 3635 1260 3720 propugnationem
1289 3638 1450 3706 christiani

200 3751 333 3819 nominis
350 3751 504 3835 suseipiat,
527 3752 558 3819 at
573 3751 652 3817 hano
667 3751 726 3816 tibi
740 3751 936 3836 potissimum
958 3750 1081 3817 laudem
1103 3754 1135 3818 st
1149 3753 1289 3836 cupimus
1304 3755 1335 3821 et
1350 3774 1448 3841 augu-

200 3885 313 3946 ramur,
334 3885 404 3932 oum
427 3866 607 3934 haberemus
623 3867 703 3952 apud
724 3885 780 3934 nos
802 3865 855 3933 dil
878 3865 920 3933 fu
936 3867 1088 3934 Joannem
1102 3867 1271 3949 Lasosrem,
1294 3869 1451 3940 hominem

201 3983 286 4051 omni
308 3983 420 4049 virtute
442 3983 603 4049 nobilitata
625 3982 786 4068 prudentia
808 3983 963 4063 eximium,
991 3984 1215 4068 peritissimum
1237 3987 1269 4052 et
1291 3986 1450 4054 hominurn

201 4101 233 4168 et
254 4117 356 4165 rerum
371 4099 509 4164 omnium
530 4118 607 4184 quaa
629 4099 667 4166 ad
683 4099 796 4166 Turoas
819 4101 850 4167 at
872 4100 1017 4168 barbaros
1039 4099 1110 4167 illos
1125 4101 1286 4184 pertinent,
1309 4103 1449 4170 institui·

202 4235 271 4282 mus
300 4215 423 4281 mittero
451 4233 522 4280 eum
544 4214 584 4280 ad
605 4216 638 4281 to
666 4215 746 4281 ultro
772 4215 830 4282 hoo
852 4235 871 4280 a
892 4217 981 4282 nobis
1003 4217 1219 4301 postulantem,
1242 4219 1277 4284 ut
1307 4219 1450 4304 qnoniam

203 4349 290 4397 suam
319 4332 458 4397 enaotunn
486 4330 550 4396 iam
573 4332 705 4398 aetatem
726 4331 760 4397 in
782 4332 839 4398 hoo
861 4351 921 4398 uno
952 4332 1052 4398 studio
1082 4332 1276 4399 oonoitandae
1306 4333 1451 4401 adversus

202 4445 315 4512 nurus
337 4443 536 4530 expeditionis
557 4447 804 4530 consumpsisset,
827 4450 971 4532 tuamque
994 4453 1097 4515 ser.toln
1122 4449 1286 4515 aDomino
1309 4450 1372 4515 Deo
1395 4449 1449 4515 do-
