3380 5088
790 352 834 364 -
874 317 944 384 ase
992 353 1032 364 -

285 513 380 600 igitur
396 513 659 600 eorum'potentia
683 514 714 580 et
729 514 884 580 voluntate
899 513 1089 599 opprimendi
1108 495 1213 580 eadem
1236 515 1439 598 permanente,
1463 495 1535 598 quid
1594 558 1602 564 -

285 654 351 701 esse
373 633 524 718 potuisset
552 633 655 699 tutum
678 633 726 698 rel
748 632 836 699 nobis
860 633 907 698 vel
931 632 1016 699 vobis
1040 633 1088 698 rel
1111 631 1251 698 omnibus
1275 631 1327 715 qui
1348 631 1457 717 iugum
1480 650 1533 697 vo·

174 823 177 830 ,
284 752 435 819 luntariae
458 750 615 818 servitutis
638 749 771 834 accipere
786 749 978 815 noluissent?
1016 747 1088 812 Fuit
1110 747 1205 832 igitur
1220 748 1307 814 uobis
1331 747 1535 814 necessarium

284 888 437 935 occurrere
459 867 596 946 iniuriae,
619 865 765 932 obsistere
780 865 960 932 insolentiae
982 865 1014 930 et
1036 864 1165 930 nimiam
1180 862 1356 947 cupiditatis
1378 865 1534 931 licentiam

285 986 455 1062 cohercere;
487 983 627 1069 quamuis
653 1001 737 1067 spem
770 981 892 1066 quidem
922 980 1118 1066 potissimum
1149 959 1323 1064 reponimus
1352 981 1384 1049 iu
1416 999 1535 1046 summo

285 1102 348 1167 Deo
372 1100 451 1186 quod
473 1101 501 1166 is
531 1101 645 1166 iustam
675 1117 798 1164 oausam
828 1097 993 1176 adiuvabit,
1023 1117 1078 1164 neo
1109 1097 1189 1163 sinet
1211 1115 1266 1162 nos
1296 1099 1534 1185 propugnatores

284 1217 400 1301 patriae
424 1219 544 1284 nostrae
567 1217 599 1282 et
613 1214 776 1300 aequitatis
800 1214 971 1281 defensores
993 1214 1027 1280 in
1048 1217 1114 1280 tam
1132 1212 1183 1296 pio
1205 1215 1315 1280 conatu
1331 1216 1532 1281 suerumbers.

284 1333 401 1401 Deinde
424 1352 493 1400 vero
515 1333 617 1398 restra
639 1332 749 1398 eximia
768 1333 865 1398 virtus
889 1333 919 1396 et
942 1331 1058 1416 optima
1081 1331 1222 1396 voluntas
1245 1349 1358 1416 magno
1382 1331 1470 1398 nobis
1488 1334 1536 1398 est

285 1451 401 1517 solatio.
447 1447 538 1534 Spem
568 1449 650 1514 euim
680 1449 795 1514 certam
824 1446 981 1527 babemus,
1012 1447 1097 1513 robis
1119 1447 1221 1513 restra
1244 1465 1329 1512 arma
1358 1448 1536 1514 fortissimis

284 1567 443 1634 nobiscum
465 1563 769 1642 communicantibus,
792 1565 931 1648 paratam
953 1562 1017 1629 fore
1039 1563 1197 1629 victoriam
1220 1563 1268 1628 illi
1290 1564 1371 1648 parti
1400 1583 1454 1649 pre
1477 1583 1536 1648 qua

283 1683 332 1748 ius
355 1683 386 1748 et
408 1681 544 1766 aequitas
567 1682 598 1746 et
621 1679 812 1748 Helvetioum
835 1697 946 1746 nomen
970 1681 1037 1744 stet.
1083 1677 1183 1762 Igitur
1206 1679 1292 1746 sedes
1316 1680 1482 1764 apostobca
1503 1681 1536 1746 iu

286 1799 349 1864 suis
372 1797 579 1865 occasionibus
603 1797 642 1862 ad
664 1794 786 1862 eosdem
809 1796 965 1862 Helvetios
995 1814 1150 1862 recursum
1173 1795 1274 1876 babet
1306 1797 1359 1880 qui
1382 1797 1535 1881 exipsius

285 1913 413 1980 Sanctae
443 1911 530 1980 Sedis
560 1913 733 1979 defensioue
762 1911 972 1978 clarissimum
1002 1930 1169 1996 cognomen
1200 1911 1260 1978 sibi
1282 1913 1314 1978 et
1335 1911 1441 1979 liberis
1472 1913 1535 1979 suis

284 2031 471 2115 pepererunt,
494 2046 622 2114 quornm
646 2029 788 2096 sodetate
812 2029 843 2094 et
865 2027 960 2094 armis
984 2048 1102 2113 semper
1124 2028 1244 2095 uincere
1267 2028 1357 2096 solita
1380 2031 1435 2095 est.
1473 2029 1535 2095 Vos

287 2164 357 2212 vero
379 2147 415 2214 ut
428 2144 580 2231 prioribus
595 2145 706 2212 vestris
729 2145 819 2212 factm
835 2143 967 2231 egregiis
990 2146 1022 2211 et
1036 2145 1263 2229 praestantibus
1279 2146 1436 2212 cumulum
1456 2146 1537 2211 bunc

284 2280 401 2347 quoque
416 2261 536 2328 addatis
545 2263 737 2346 vestramque
752 2264 929 2347 perpetuam
944 2260 1067 2328 laudem
1076 2263 1106 2329 et
1116 2261 1367 2328 consuetudinem
1383 2261 1536 2328 intuenda

284 2377 426 2445 libertate
441 2379 645 2446 ecclesiastica
668 2379 861 2458 conservetis,
884 2379 931 2444 est
947 2358 1067 2444 restrae
1088 2376 1266 2462 prudentiae
1288 2379 1320 2444 et
1335 2377 1459 2444 virtubs
1482 2397 1534 2443 cu-

285 2513 351 2560 rare
374 2495 464 2578 atque
493 2493 618 2561 efficere.
664 2495 711 2560 De
733 2495 783 2560 bis
813 2494 903 2561 rebus
927 2495 1069 2561 omnibus
1100 2494 1314 2560 mandavimus
1344 2493 1462 2560 bomini
1485 2495 1536 2579 qui

285 2610 341 2676 has
364 2609 403 2676 ad
426 2629 479 2675 vos
501 2610 621 2676 litteras
644 2611 750 2677 attulit
772 2613 807 2677 ut
830 2611 944 2677 uostris
968 2609 1067 2676 verbis
1091 2612 1164 2695 agat
1187 2611 1309 2677 uberius
1333 2612 1364 2677 et
1386 2611 1535 2695 copiosius

284 2726 449 2805 vobiscum,
479 2727 527 2810 eui
557 2726 649 2793 fidem
674 2747 726 2792 vos
749 2727 862 2793 babere
893 2727 1041 2792 volumus.
1087 2725 1169 2792 Illud
1198 2726 1292 2792 etiam
1323 2728 1413 2811 atque
1443 2727 1535 2792 etiam

285 2841 458 2926 repetimus,
481 2819 510 2907 ¹si
532 2842 589 2908 boc
619 2843 756 2926 tempore
780 2843 884 2927 quales
909 2860 1028 2926 semper
1057 2841 1203 2908 extitistis
1234 2843 1312 2909 tales
1342 2862 1396 2910 ros
1419 2843 1451 2909 in
1481 2844 1536 2909 boc

285 2958 365 3024 sodis
388 2959 570 3042 apostolicae
593 2960 728 3042 tempore
751 2959 790 3024 ad
812 2958 897 3024 ilbus
921 2957 1105 3042 dignitatem
1134 2959 1165 3024 et
1188 2959 1400 3026 auctoritatem
1430 2959 1534 3025 defen·

283 3073 414 3140 dandam
437 3071 649 3154 exhibueritis,
680 3094 829 3159 maguam
852 3093 905 3141 vos
929 3094 990 3141 non
1019 3074 1206 3159 voluptatem
1237 3074 1336 3141 solum
1360 3074 1413 3141 sed
1442 3073 1534 3142 etiam

284 3190 451 3256 utilitatem
467 3191 551 3258 omni
572 3192 693 3274 postero
709 3191 844 3274 tempore
867 3209 933 3257 esse
950 3190 1099 3274 capturos.
1145 3190 1261 3256 Datum
1283 3191 1398 3257 Romae
1416 3191 1471 3256 otc.
1488 3187 1535 3255 dio

284 3325 329 3371 rr.
353 3305 430 3372 Julii
454 3305 583 3374 mdrrvi
629 3306 719 3372 Anno
742 3306 841 3373 tertio.

878 3569 949 3633 182.

300 3733 456 3806 Regibus
478 3733 675 3809 catholico,
699 3733 1012 3809 christianissimo,
1037 3735 1194 3810 angliae,
1218 3734 1458 3806 portugalliae
1481 3737 1516 3792 el

612 3851 816 3926 Archiduoi,
841 3853 988 3910 mutatis
1012 3851 1206 3910 mutandis¹

373 4001 545 4069 Carissimo.
600 4003 757 4069 Mittimus
787 4003 825 4068 ad
856 4005 1069 4070 suencuam
1099 4021 1177 4069 nova
1199 4004 1230 4069 et
1252 4003 1372 4070 litteras
1402 4023 1477 4087 ques
1499 4023 1534 4070 ex

283 4119 421 4203 Ungaria
444 4118 622 4202 accepimus,
645 4118 766 4185 utinam
788 4137 848 4184 nou
871 4119 1041 4185 extremum
1063 4119 1150 4205 regni
1172 4121 1202 4185 et
1225 4118 1358 4184 nationis
1383 4119 1468 4184 illius
1483 4117 1532 4184 di-

284 4233 415 4301 scrimen
437 4233 624 4300 nunciantes.
669 4233 788 4300 Insidet
809 4234 891 4300 enim
914 4233 977 4300 iam
999 4234 1032 4301 in
1055 4234 1154 4301 medio
1177 4253 1268 4318 prope
1291 4253 1384 4318 regno
1405 4231 1461 4299 illo
1484 4253 1533 4299 rer

285 4351 451 4416 buterum
474 4363 542 4415 oum
572 4350 704 4417 exercitu
726 4349 868 4429 maximo,
892 4351 1043 4435 tuumque
1067 4369 1099 4417 se
1121 4351 1153 4418 ri
1175 4349 1275 4428 insert
1307 4349 1451 4416 utillum
1475 4367 1535 4415 non

284 4465 415 4550 oppositi
429 4464 592 4532 fluminum
606 4465 754 4552 gurgites,
769 4485 830 4532 non
845 4467 1018 4534 nostrorum
1033 4465 1133 4548 timor,
1157 4485 1217 4533 non
1231 4465 1366 4533 locorum
1381 4463 1531 4552 ignoratio
