<?xml version="1.0" encoding="UTF-8"?>
<!DOCTYPE html PUBLIC "-//W3C//DTD XHTML 1.0 Transitional//EN"
    "http://www.w3.org/TR/xhtml1/DTD/xhtml1-transitional.dtd">
<html xmlns="http://www.w3.org/1999/xhtml" xml:lang="en" lang="en">
 <head>
  <title>
</title>
<meta http-equiv="Content-Type" content="text/html;charset=utf-8" />
  <meta name='ocr-system' content='tesseract 3.04.00' />
  <meta name='ocr-capabilities' content='ocr_page ocr_carea ocr_par ocr_line ocrx_word'/>
</head>
<body>
  <div class='ocr_page' id='page_1' title='image "./monumentasaecul00clemgoog_0470.png"; bbox 0 0 3346 5084; ppageno 0'>
   <div class='ocr_carea' id='block_1_1' title="bbox 671 329 957 440">
    <p class='ocr_par' dir='ltr' id='par_1_1' title="bbox 671 329 957 440">
     <span class='ocr_line' id='line_1_1' title="bbox 671 329 957 440; baseline 0.014 -4"><span class='ocrx_word' id='word_1_1' title='bbox 671 329 957 440; x_wconf 44' lang='lat' dir='ltr'><strong>kasa-</strong></span> 
     </span>
    </p>
   </div>
   <div class='ocr_carea' id='block_1_2' title="bbox 180 558 1456 4596">
    <p class='ocr_par' dir='ltr' id='par_1_2' title="bbox 205 558 1456 881">
     <span class='ocr_line' id='line_1_2' title="bbox 207 558 1456 660; baseline 0.014 -36"><span class='ocrx_word' id='word_1_2' title='bbox 207 558 377 627; x_wconf 89' lang='lat' dir='ltr'><strong>antedictus</strong></span> <span class='ocrx_word' id='word_1_3' title='bbox 401 563 540 648; x_wconf 88' lang='lat' dir='ltr'><strong>utsupra</strong></span> <span class='ocrx_word' id='word_1_4' title='bbox 563 584 617 649; x_wconf 91' lang='lat' dir='ltr'><strong>pro</strong></span> <span class='ocrx_word' id='word_1_5' title='bbox 632 565 780 632; x_wconf 89' lang='lat' dir='ltr'><strong>tribunali</strong></span> <span class='ocrx_word' id='word_1_6' title='bbox 803 568 910 634; x_wconf 89' lang='lat' dir='ltr'><strong>sedens</strong></span> <span class='ocrx_word' id='word_1_7' title='bbox 933 569 1050 652; x_wconf 81' lang='lat' dir='ltr'><strong>prelata</strong></span> <span class='ocrx_word' id='word_1_8' title='bbox 1073 569 1199 636; x_wconf 76' lang='lat' dir='ltr'><strong>admisit</strong></span> <span class='ocrx_word' id='word_1_9' title='bbox 1222 572 1343 640; x_wconf 89' lang='grc'><strong>111111</strong></span> <span class='ocrx_word' id='word_1_10' title='bbox 1358 594 1456 660; x_wconf 89' lang='lat' dir='ltr'><strong>quan·</strong></span> 
     </span>
     <span class='ocr_line' id='line_1_3' title="bbox 206 675 1456 774; baseline 0.014 -35"><span class='ocrx_word' id='word_1_11' title='bbox 206 675 273 742; x_wconf 89' lang='lat' dir='ltr'><strong>turn</strong></span> <span class='ocrx_word' id='word_1_12' title='bbox 296 679 327 744; x_wconf 91' lang='grc'><strong>11</strong></span> <span class='ocrx_word' id='word_1_13' title='bbox 351 677 424 745; x_wconf 83' lang='lat' dir='ltr'><strong>risis</strong></span> <span class='ocrx_word' id='word_1_14' title='bbox 448 681 479 746; x_wconf 91' lang='lat' dir='ltr'><strong>et</strong></span> <span class='ocrx_word' id='word_1_15' title='bbox 501 681 614 747; x_wconf 89' lang='lat' dir='ltr'><strong>auditis</strong></span> <span class='ocrx_word' id='word_1_16' title='bbox 636 682 763 765; x_wconf 85' lang='lat' dir='ltr'><strong>prefatis</strong></span> <span class='ocrx_word' id='word_1_17' title='bbox 786 684 941 750; x_wconf 81' lang='lat' dir='ltr'><strong>commisit</strong></span> <span class='ocrx_word' id='word_1_18' title='bbox 970 686 1122 769; x_wconf 85' lang='lat' dir='ltr'><strong>prefatum</strong></span> <span class='ocrx_word' id='word_1_19' title='bbox 1144 688 1188 756; x_wconf 92' lang='grc'><strong>111.</strong></span> <span class='ocrx_word' id='word_1_20' title='bbox 1212 688 1239 757; x_wconf 92' lang='lat' dir='ltr'><strong>d.</strong></span> <span class='ocrx_word' id='word_1_21' title='bbox 1262 689 1456 774; x_wconf 86' lang='lat' dir='ltr'><strong>Alphonsum</strong></span> 
     </span>
     <span class='ocr_line' id='line_1_4' title="bbox 205 791 868 881; baseline 0.015 -25"><span class='ocrx_word' id='word_1_22' title='bbox 205 791 293 858; x_wconf 87' lang='lat' dir='ltr'><strong>citari</strong></span> <span class='ocrx_word' id='word_1_23' title='bbox 315 795 350 860; x_wconf 93' lang='lat' dir='ltr'><strong>ut</strong></span> <span class='ocrx_word' id='word_1_24' title='bbox 373 814 463 879; x_wconf 88' lang='lat' dir='ltr'><strong>supra</strong></span> <span class='ocrx_word' id='word_1_25' title='bbox 485 797 616 881; x_wconf 89' lang='lat' dir='ltr'><strong>petitum</strong></span> <span class='ocrx_word' id='word_1_26' title='bbox 639 800 686 864; x_wconf 91' lang='grc'><strong>111</strong></span> <span class='ocrx_word' id='word_1_27' title='bbox 708 799 741 864; x_wconf 88' lang='grc'><strong>11</strong></span> <span class='ocrx_word' id='word_1_28' title='bbox 763 799 868 866; x_wconf 89' lang='lat' dir='ltr'><strong>forma.</strong></span> 
     </span>
    </p>

    <p class='ocr_par' dir='ltr' id='par_1_3' title="bbox 196 909 1455 1810">
     <span class='ocr_line' id='line_1_5' title="bbox 293 909 1455 991; baseline 0.012 -15"><span class='ocrx_word' id='word_1_29' title='bbox 293 909 372 976; x_wconf 84' lang='lat' dir='ltr'><strong>Acta</strong></span> <span class='ocrx_word' id='word_1_30' title='bbox 401 911 524 978; x_wconf 85' lang='lat' dir='ltr'><strong>fuerunt</strong></span> <span class='ocrx_word' id='word_1_31' title='bbox 552 914 608 979; x_wconf 90' lang='lat' dir='ltr'><strong>heo</strong></span> <span class='ocrx_word' id='word_1_32' title='bbox 637 915 740 980; x_wconf 93' lang='lat' dir='ltr'><strong>omnia</strong></span> <span class='ocrx_word' id='word_1_33' title='bbox 762 915 795 982; x_wconf 94' lang='lat' dir='ltr'><strong>in</strong></span> <span class='ocrx_word' id='word_1_34' title='bbox 826 917 949 984; x_wconf 89' lang='grc'><strong>11111111</strong></span> <span class='ocrx_word' id='word_1_35' title='bbox 971 920 1134 986; x_wconf 87' lang='lat' dir='ltr'><strong>Ravennae</strong></span> <span class='ocrx_word' id='word_1_36' title='bbox 1163 921 1196 985; x_wconf 94' lang='lat' dir='ltr'><strong>in</strong></span> <span class='ocrx_word' id='word_1_37' title='bbox 1218 921 1300 987; x_wconf 89' lang='lat' dir='ltr'><strong>dicta</strong></span> <span class='ocrx_word' id='word_1_38' title='bbox 1329 925 1455 991; x_wconf 88' lang='lat' dir='ltr'><strong>ecclesia</strong></span> 
     </span>
     <span class='ocr_line' id='line_1_6' title="bbox 203 1025 1454 1118; baseline 0.013 -28"><span class='ocrx_word' id='word_1_39' title='bbox 203 1025 370 1092; x_wconf 74' lang='lat' dir='ltr'><strong>cathedrali</strong></span> <span class='ocrx_word' id='word_1_40' title='bbox 392 1027 430 1093; x_wconf 88' lang='lat' dir='ltr'><strong>ad</strong></span> <span class='ocrx_word' id='word_1_41' title='bbox 453 1027 553 1094; x_wconf 91' lang='lat' dir='ltr'><strong>locum</strong></span> <span class='ocrx_word' id='word_1_42' title='bbox 576 1031 611 1095; x_wconf 92' lang='lat' dir='ltr'><strong>ut</strong></span> <span class='ocrx_word' id='word_1_43' title='bbox 634 1051 724 1115; x_wconf 90' lang='lat' dir='ltr'><strong>supra</strong></span> <span class='ocrx_word' id='word_1_44' title='bbox 746 1031 908 1099; x_wconf 91' lang='lat' dir='ltr'><strong>iuridicum</strong></span> <span class='ocrx_word' id='word_1_45' title='bbox 935 1035 1128 1118; x_wconf 79' lang='lat' dir='ltr'><strong>presentibus</strong></span> <span class='ocrx_word' id='word_1_46' title='bbox 1150 1037 1265 1104; x_wconf 84' lang='lat' dir='ltr'><strong>ibidem</strong></span> <span class='ocrx_word' id='word_1_47' title='bbox 1293 1040 1454 1106; x_wconf 88' lang='lat' dir='ltr'><strong>reverendo</strong></span> 
     </span>
     <span class='ocr_line' id='line_1_7' title="bbox 203 1140 1453 1232; baseline 0.014 -27"><span class='ocrx_word' id='word_1_48' title='bbox 203 1140 231 1207; x_wconf 91' lang='lat' dir='ltr'><strong>d.</strong></span> <span class='ocrx_word' id='word_1_49' title='bbox 254 1141 381 1208; x_wconf 90' lang='lat' dir='ltr'><strong>Nicolao</strong></span> <span class='ocrx_word' id='word_1_50' title='bbox 403 1143 554 1211; x_wconf 76' lang='lat' dir='ltr'><strong>drimano</strong></span> <span class='ocrx_word' id='word_1_51' title='bbox 577 1144 614 1211; x_wconf 90' lang='lat' dir='ltr'><strong>de</strong></span> <span class='ocrx_word' id='word_1_52' title='bbox 636 1147 804 1232; x_wconf 78' lang='lat' dir='ltr'><strong>thrlgionea</strong></span> <span class='ocrx_word' id='word_1_53' title='bbox 833 1148 932 1215; x_wconf 92' lang='lat' dir='ltr'><strong>dictae</strong></span> <span class='ocrx_word' id='word_1_54' title='bbox 955 1153 1077 1216; x_wconf 89' lang='lat' dir='ltr'><strong>sanctae</strong></span> <span class='ocrx_word' id='word_1_55' title='bbox 1099 1153 1287 1219; x_wconf 80' lang='lat' dir='ltr'><strong>Ravenmtis</strong></span> <span class='ocrx_word' id='word_1_56' title='bbox 1310 1155 1453 1224; x_wconf 87' lang='lat' dir='ltr'><strong>ecclesiae</strong></span> 
     </span>
     <span class='ocr_line' id='line_1_8' title="bbox 201 1257 1451 1353; baseline 0.015 -31"><span class='ocrx_word' id='word_1_57' title='bbox 201 1257 351 1338; x_wconf 82' lang='lat' dir='ltr'><strong>canonico,</strong></span> <span class='ocrx_word' id='word_1_58' title='bbox 371 1259 493 1326; x_wconf 90' lang='lat' dir='ltr'><strong>domino</strong></span> <span class='ocrx_word' id='word_1_59' title='bbox 509 1261 691 1328; x_wconf 88' lang='lat' dir='ltr'><strong>Baldassare</strong></span> <span class='ocrx_word' id='word_1_60' title='bbox 706 1263 864 1330; x_wconf 89' lang='lat' dir='ltr'><strong>Bacinetto</strong></span> <span class='ocrx_word' id='word_1_61' title='bbox 881 1267 1029 1349; x_wconf 85' lang='lat' dir='ltr'><strong>magistro</strong></span> <span class='ocrx_word' id='word_1_62' title='bbox 1045 1269 1129 1334; x_wconf 92' lang='lat' dir='ltr'><strong>chori</strong></span> <span class='ocrx_word' id='word_1_63' title='bbox 1145 1268 1281 1336; x_wconf 91' lang='lat' dir='ltr'><strong>eiusdem</strong></span> <span class='ocrx_word' id='word_1_64' title='bbox 1300 1273 1451 1353; x_wconf 83' lang='lat' dir='ltr'><strong>ecelesiae,</strong></span> 
     </span>
     <span class='ocr_line' id='line_1_9' title="bbox 201 1372 1451 1466; baseline 0.014 -29"><span class='ocrx_word' id='word_1_65' title='bbox 201 1372 323 1440; x_wconf 89' lang='lat' dir='ltr'><strong>domino</strong></span> <span class='ocrx_word' id='word_1_66' title='bbox 346 1374 522 1443; x_wconf 91' lang='lat' dir='ltr'><strong>Hieronimo</strong></span> <span class='ocrx_word' id='word_1_67' title='bbox 545 1378 770 1461; x_wconf 78' lang='lat' dir='ltr'><strong>Elephantutio,</strong></span> <span class='ocrx_word' id='word_1_68' title='bbox 793 1381 941 1466; x_wconf 84' lang='lat' dir='ltr'><strong>magistro</strong></span> <span class='ocrx_word' id='word_1_69' title='bbox 958 1383 1090 1466; x_wconf 80' lang='lat' dir='ltr'><strong>capellae</strong></span> <span class='ocrx_word' id='word_1_70' title='bbox 1113 1383 1255 1466; x_wconf 80' lang='lat' dir='ltr'><strong>musicae,</strong></span> <span class='ocrx_word' id='word_1_71' title='bbox 1278 1387 1310 1452; x_wconf 93' lang='lat' dir='ltr'><strong>et</strong></span> <span class='ocrx_word' id='word_1_72' title='bbox 1328 1386 1451 1455; x_wconf 92' lang='lat' dir='ltr'><strong>domino</strong></span> 
     </span>
     <span class='ocr_line' id='line_1_10' title="bbox 199 1488 1449 1580; baseline 0.012 -26"><span class='ocrx_word' id='word_1_73' title='bbox 199 1488 361 1556; x_wconf 87' lang='lat' dir='ltr'><strong>Vincentio</strong></span> <span class='ocrx_word' id='word_1_74' title='bbox 376 1493 521 1572; x_wconf 67' lang='lat' dir='ltr'><strong>dranche,</strong></span> <span class='ocrx_word' id='word_1_75' title='bbox 544 1493 667 1560; x_wconf 88' lang='lat' dir='ltr'><strong>domino</strong></span> <span class='ocrx_word' id='word_1_76' title='bbox 682 1496 773 1562; x_wconf 92' lang='lat' dir='ltr'><strong>Petro</strong></span> <span class='ocrx_word' id='word_1_77' title='bbox 788 1498 950 1564; x_wconf 83' lang='lat' dir='ltr'><strong>Francisco</strong></span> <span class='ocrx_word' id='word_1_78' title='bbox 964 1498 1001 1564; x_wconf 92' lang='lat' dir='ltr'><strong>de</strong></span> <span class='ocrx_word' id='word_1_79' title='bbox 1017 1499 1205 1580; x_wconf 76' lang='grc'><strong>111111111111,</strong></span> <span class='ocrx_word' id='word_1_80' title='bbox 1229 1501 1351 1568; x_wconf 92' lang='lat' dir='ltr'><strong>domino</strong></span> <span class='ocrx_word' id='word_1_81' title='bbox 1372 1505 1449 1569; x_wconf 92' lang='lat' dir='ltr'><strong>Phi·</strong></span> 
     </span>
     <span class='ocr_line' id='line_1_11' title="bbox 197 1603 1449 1696; baseline 0.013 -27"><span class='ocrx_word' id='word_1_82' title='bbox 197 1603 281 1688; x_wconf 85' lang='lat' dir='ltr'><strong>lippe</strong></span> <span class='ocrx_word' id='word_1_83' title='bbox 303 1604 341 1674; x_wconf 93' lang='lat' dir='ltr'><strong>de</strong></span> <span class='ocrx_word' id='word_1_84' title='bbox 364 1605 520 1675; x_wconf 87' lang='lat' dir='ltr'><strong>Solarollis</strong></span> <span class='ocrx_word' id='word_1_85' title='bbox 543 1611 685 1678; x_wconf 89' lang='lat' dir='ltr'><strong>omnibus</strong></span> <span class='ocrx_word' id='word_1_86' title='bbox 715 1613 892 1696; x_wconf 88' lang='lat' dir='ltr'><strong>presbiteris</strong></span> <span class='ocrx_word' id='word_1_87' title='bbox 915 1613 1050 1680; x_wconf 86' lang='lat' dir='ltr'><strong>civitatis</strong></span> <span class='ocrx_word' id='word_1_88' title='bbox 1072 1617 1234 1684; x_wconf 86' lang='lat' dir='ltr'><strong>Ravennae</strong></span> <span class='ocrx_word' id='word_1_89' title='bbox 1256 1618 1387 1684; x_wconf 91' lang='lat' dir='ltr'><strong>testibus</strong></span> <span class='ocrx_word' id='word_1_90' title='bbox 1410 1620 1449 1685; x_wconf 88' lang='lat' dir='ltr'><strong>ad</strong></span> 
     </span>
     <span class='ocr_line' id='line_1_12' title="bbox 196 1718 544 1810; baseline 0.029 -26"><span class='ocrx_word' id='word_1_91' title='bbox 196 1718 331 1810; x_wconf 85' lang='lat' dir='ltr'><strong>predicta</strong></span> <span class='ocrx_word' id='word_1_92' title='bbox 353 1723 467 1793; x_wconf 86' lang='lat' dir='ltr'><strong>vocatis</strong></span> <span class='ocrx_word' id='word_1_93' title='bbox 489 1726 544 1794; x_wconf 89' lang='lat' dir='ltr'><strong>etc.</strong></span> 
     </span>
    </p>

    <p class='ocr_par' dir='ltr' id='par_1_4' title="bbox 284 1959 1267 2032">
     <span class='ocr_line' id='line_1_13' title="bbox 284 1959 1267 2032; baseline 0.008 -8"><span class='ocrx_word' id='word_1_94' title='bbox 284 1959 382 2027; x_wconf 86' lang='lat' dir='ltr'><strong>Tenor</strong></span> <span class='ocrx_word' id='word_1_95' title='bbox 405 1963 507 2028; x_wconf 89' lang='lat' dir='ltr'><strong>autem</strong></span> <span class='ocrx_word' id='word_1_96' title='bbox 531 1963 606 2030; x_wconf 87' lang='lat' dir='ltr'><strong>dicti</strong></span> <span class='ocrx_word' id='word_1_97' title='bbox 628 1963 720 2030; x_wconf 87' lang='lat' dir='ltr'><strong>edicti</strong></span> <span class='ocrx_word' id='word_1_98' title='bbox 743 1966 774 2031; x_wconf 89' lang='grc'><strong>11</strong></span> <span class='ocrx_word' id='word_1_99' title='bbox 797 1965 951 2031; x_wconf 84' lang='lat' dir='ltr'><strong>citationis</strong></span> <span class='ocrx_word' id='word_1_100' title='bbox 974 1966 1047 2032; x_wconf 89' lang='lat' dir='ltr'><strong>talis</strong></span> <span class='ocrx_word' id='word_1_101' title='bbox 1070 1968 1118 2032; x_wconf 91' lang='grc'><strong>111</strong></span> <span class='ocrx_word' id='word_1_102' title='bbox 1140 1965 1267 2032; x_wconf 87' lang='lat' dir='ltr'><strong>videtur.</strong></span> 
     </span>
    </p>

    <p class='ocr_par' dir='ltr' id='par_1_5' title="bbox 194 2075 1445 2282">
     <span class='ocr_line' id='line_1_14' title="bbox 283 2075 1445 2166; baseline 0.008 -26"><span class='ocrx_word' id='word_1_103' title='bbox 283 2075 449 2142; x_wconf 88' lang='lat' dir='ltr'><strong>Baldassar</strong></span> <span class='ocrx_word' id='word_1_104' title='bbox 470 2080 648 2146; x_wconf 90' lang='lat' dir='ltr'><strong>Berturolus</strong></span> <span class='ocrx_word' id='word_1_105' title='bbox 671 2080 801 2148; x_wconf 80' lang='lat' dir='ltr'><strong>Cesenas</strong></span> <span class='ocrx_word' id='word_1_106' title='bbox 824 2081 899 2146; x_wconf 87' lang='lat' dir='ltr'><strong>iuris</strong></span> <span class='ocrx_word' id='word_1_107' title='bbox 922 2082 1080 2166; x_wconf 90' lang='lat' dir='ltr'><strong>utriusque</strong></span> <span class='ocrx_word' id='word_1_108' title='bbox 1103 2081 1206 2148; x_wconf 91' lang='lat' dir='ltr'><strong>doctor</strong></span> <span class='ocrx_word' id='word_1_109' title='bbox 1228 2081 1364 2147; x_wconf 87' lang='grc'><strong>1111111111</strong></span> <span class='ocrx_word' id='word_1_110' title='bbox 1380 2084 1445 2149; x_wconf 89' lang='lat' dir='ltr'><strong>Ra-</strong></span> 
     </span>
     <span class='ocr_line' id='line_1_15' title="bbox 194 2191 1444 2282; baseline 0.008 -27"><span class='ocrx_word' id='word_1_111' title='bbox 194 2207 307 2256; x_wconf 85' lang='lat' dir='ltr'><strong>vennae</strong></span> <span class='ocrx_word' id='word_1_112' title='bbox 329 2191 464 2275; x_wconf 89' lang='lat' dir='ltr'><strong>potestas</strong></span> <span class='ocrx_word' id='word_1_113' title='bbox 487 2196 518 2260; x_wconf 91' lang='grc'><strong>11</strong></span> <span class='ocrx_word' id='word_1_114' title='bbox 540 2195 573 2261; x_wconf 94' lang='lat' dir='ltr'><strong>in</strong></span> <span class='ocrx_word' id='word_1_115' title='bbox 595 2198 653 2262; x_wconf 89' lang='lat' dir='ltr'><strong>hac</strong></span> <span class='ocrx_word' id='word_1_116' title='bbox 675 2197 761 2281; x_wconf 90' lang='lat' dir='ltr'><strong>parte</strong></span> <span class='ocrx_word' id='word_1_117' title='bbox 777 2197 855 2263; x_wconf 92' lang='lat' dir='ltr'><strong>sacri</strong></span> <span class='ocrx_word' id='word_1_118' title='bbox 870 2195 995 2281; x_wconf 91' lang='lat' dir='ltr'><strong>Imperii</strong></span> <span class='ocrx_word' id='word_1_119' title='bbox 1012 2197 1182 2282; x_wconf 78' lang='lat' dir='ltr'><strong>imperiaHs</strong></span> <span class='ocrx_word' id='word_1_120' title='bbox 1206 2198 1444 2265; x_wconf 87' lang='lat' dir='ltr'><strong>commissarius.</strong></span> 
     </span>
    </p>

    <p class='ocr_par' dir='ltr' id='par_1_6' title="bbox 180 2307 1444 4596">
     <span class='ocr_line' id='line_1_16' title="bbox 281 2307 1444 2398; baseline 0.006 -25"><span class='ocrx_word' id='word_1_121' title='bbox 281 2307 431 2375; x_wconf 88' lang='lat' dir='ltr'><strong>Noverint</strong></span> <span class='ocrx_word' id='word_1_122' title='bbox 445 2311 580 2378; x_wconf 88' lang='lat' dir='ltr'><strong>universi</strong></span> <span class='ocrx_word' id='word_1_123' title='bbox 594 2314 626 2379; x_wconf 89' lang='lat' dir='ltr'><strong>et</strong></span> <span class='ocrx_word' id='word_1_124' title='bbox 641 2313 757 2397; x_wconf 80' lang='lat' dir='ltr'><strong>singuli</strong></span> <span class='ocrx_word' id='word_1_125' title='bbox 779 2315 835 2379; x_wconf 89' lang='lat' dir='ltr'><strong>has</strong></span> <span class='ocrx_word' id='word_1_126' title='bbox 851 2315 1006 2398; x_wconf 86' lang='lat' dir='ltr'><strong>presentes</strong></span> <span class='ocrx_word' id='word_1_127' title='bbox 1022 2316 1142 2380; x_wconf 89' lang='lat' dir='ltr'><strong>nostras</strong></span> <span class='ocrx_word' id='word_1_128' title='bbox 1156 2313 1262 2379; x_wconf 87' lang='lat' dir='ltr'><strong>literas</strong></span> <span class='ocrx_word' id='word_1_129' title='bbox 1277 2313 1444 2397; x_wconf 88' lang='lat' dir='ltr'><strong>inspecturi</strong></span> 
     </span>
     <span class='ocr_line' id='line_1_17' title="bbox 191 2424 1443 2513; baseline 0.007 -25"><span class='ocrx_word' id='word_1_130' title='bbox 191 2424 361 2510; x_wconf 84' lang='lat' dir='ltr'><strong>pariterque</strong></span> <span class='ocrx_word' id='word_1_131' title='bbox 384 2427 500 2508; x_wconf 87' lang='lat' dir='ltr'><strong>lectari,</strong></span> <span class='ocrx_word' id='word_1_132' title='bbox 522 2429 652 2513; x_wconf 90' lang='lat' dir='ltr'><strong>qualiter</strong></span> <span class='ocrx_word' id='word_1_133' title='bbox 667 2449 745 2497; x_wconf 85' lang='lat' dir='ltr'><strong>anno</strong></span> <span class='ocrx_word' id='word_1_134' title='bbox 769 2429 962 2496; x_wconf 86' lang='lat' dir='ltr'><strong>anativitate</strong></span> <span class='ocrx_word' id='word_1_135' title='bbox 984 2429 1101 2496; x_wconf 89' lang='lat' dir='ltr'><strong>domini</strong></span> <span class='ocrx_word' id='word_1_136' title='bbox 1123 2430 1221 2495; x_wconf 90' lang='lat' dir='ltr'><strong>nostri</strong></span> <span class='ocrx_word' id='word_1_137' title='bbox 1235 2430 1311 2496; x_wconf 86' lang='lat' dir='ltr'><strong>Jesu</strong></span> <span class='ocrx_word' id='word_1_138' title='bbox 1327 2428 1443 2497; x_wconf 78' lang='lat' dir='ltr'><strong>Christi</strong></span> 
     </span>
     <span class='ocr_line' id='line_1_18' title="bbox 191 2540 1440 2630; baseline 0.006 -26"><span class='ocrx_word' id='word_1_139' title='bbox 191 2540 356 2607; x_wconf 87' lang='lat' dir='ltr'><strong>millesimo</strong></span> <span class='ocrx_word' id='word_1_140' title='bbox 385 2543 628 2629; x_wconf 84' lang='lat' dir='ltr'><strong>quingentesimo</strong></span> <span class='ocrx_word' id='word_1_141' title='bbox 657 2544 817 2630; x_wconf 86' lang='lat' dir='ltr'><strong>trigesimo</strong></span> <span class='ocrx_word' id='word_1_142' title='bbox 853 2545 1019 2612; x_wconf 84' lang='lat' dir='ltr'><strong>indictione</strong></span> <span class='ocrx_word' id='word_1_143' title='bbox 1048 2545 1141 2611; x_wconf 88' lang='lat' dir='ltr'><strong>tertia</strong></span> <span class='ocrx_word' id='word_1_144' title='bbox 1170 2546 1305 2629; x_wconf 89' lang='lat' dir='ltr'><strong>tempore</strong></span> <span class='ocrx_word' id='word_1_145' title='bbox 1336 2545 1440 2630; x_wconf 89' lang='lat' dir='ltr'><strong>ponti-</strong></span> 
     </span>
     <span class='ocr_line' id='line_1_19' title="bbox 190 2655 1440 2745; baseline 0.006 -25"><span class='ocrx_word' id='word_1_146' title='bbox 190 2655 297 2723; x_wconf 87' lang='lat' dir='ltr'><strong>ficatus</strong></span> <span class='ocrx_word' id='word_1_147' title='bbox 322 2677 344 2724; x_wconf 91' lang='lat' dir='ltr'><strong>s.</strong></span> <span class='ocrx_word' id='word_1_148' title='bbox 368 2660 400 2725; x_wconf 95' lang='lat' dir='ltr'><strong>in</strong></span> <span class='ocrx_word' id='word_1_149' title='bbox 417 2657 539 2727; x_wconf 77' lang='lat' dir='ltr'><strong>Christo</strong></span> <span class='ocrx_word' id='word_1_150' title='bbox 561 2662 657 2745; x_wconf 90' lang='lat' dir='ltr'><strong>patris</strong></span> <span class='ocrx_word' id='word_1_151' title='bbox 680 2663 711 2727; x_wconf 93' lang='grc'><strong>11</strong></span> <span class='ocrx_word' id='word_1_152' title='bbox 734 2661 850 2728; x_wconf 91' lang='lat' dir='ltr'><strong>domini</strong></span> <span class='ocrx_word' id='word_1_153' title='bbox 874 2662 971 2728; x_wconf 87' lang='lat' dir='ltr'><strong>nostri</strong></span> <span class='ocrx_word' id='word_1_154' title='bbox 993 2660 1110 2727; x_wconf 90' lang='lat' dir='ltr'><strong>domini</strong></span> <span class='ocrx_word' id='word_1_155' title='bbox 1125 2659 1292 2727; x_wconf 79' lang='lat' dir='ltr'><strong>Clementis</strong></span> <span class='ocrx_word' id='word_1_156' title='bbox 1316 2661 1440 2745; x_wconf 90' lang='lat' dir='ltr'><strong>septimi</strong></span> 
     </span>
     <span class='ocr_line' id='line_1_20' title="bbox 189 2770 1440 2861; baseline 0.004 -24"><span class='ocrx_word' id='word_1_157' title='bbox 189 2770 293 2839; x_wconf 87' lang='lat' dir='ltr'><strong>divina</strong></span> <span class='ocrx_word' id='word_1_158' title='bbox 316 2773 435 2842; x_wconf 82' lang='grc'><strong>1111111</strong></span> <span class='ocrx_word' id='word_1_159' title='bbox 458 2777 619 2843; x_wconf 82' lang='lat' dir='ltr'><strong>clementia</strong></span> <span class='ocrx_word' id='word_1_160' title='bbox 648 2777 800 2861; x_wconf 88' lang='lat' dir='ltr'><strong>pontificis</strong></span> <span class='ocrx_word' id='word_1_161' title='bbox 822 2777 958 2856; x_wconf 85' lang='lat' dir='ltr'><strong>maximi,</strong></span> <span class='ocrx_word' id='word_1_162' title='bbox 981 2777 1030 2843; x_wconf 91' lang='lat' dir='ltr'><strong>die</strong></span> <span class='ocrx_word' id='word_1_163' title='bbox 1052 2795 1121 2843; x_wconf 88' lang='lat' dir='ltr'><strong>vero</strong></span> <span class='ocrx_word' id='word_1_164' title='bbox 1143 2775 1293 2861; x_wconf 82' lang='lat' dir='ltr'><strong>vigesima</strong></span> <span class='ocrx_word' id='word_1_165' title='bbox 1325 2776 1440 2842; x_wconf 90' lang='lat' dir='ltr'><strong>mensis</strong></span> 
     </span>
     <span class='ocr_line' id='line_1_21' title="bbox 188 2887 1438 2977; baseline 0.003 -23"><span class='ocrx_word' id='word_1_166' title='bbox 188 2887 330 2973; x_wconf 78' lang='lat' dir='ltr'><strong>Augusti,</strong></span> <span class='ocrx_word' id='word_1_167' title='bbox 353 2895 420 2958; x_wconf 72' lang='lat' dir='ltr'><strong>ndu·</strong></span> <span class='ocrx_word' id='word_1_168' title='bbox 435 2891 469 2956; x_wconf 91' lang='lat' dir='ltr'><strong>in</strong></span> <span class='ocrx_word' id='word_1_169' title='bbox 484 2889 605 2959; x_wconf 82' lang='lat' dir='ltr'><strong>Christo</strong></span> <span class='ocrx_word' id='word_1_170' title='bbox 627 2894 713 2977; x_wconf 89' lang='lat' dir='ltr'><strong>pater</strong></span> <span class='ocrx_word' id='word_1_171' title='bbox 727 2893 755 2960; x_wconf 91' lang='lat' dir='ltr'><strong>d.</strong></span> <span class='ocrx_word' id='word_1_172' title='bbox 771 2893 792 2959; x_wconf 87' lang='lat' dir='ltr'><strong>J</strong></span> <span class='ocrx_word' id='word_1_173' title='bbox 794 2912 905 2961; x_wconf 89' lang='lat' dir='ltr'><strong>oannes</strong></span> <span class='ocrx_word' id='word_1_174' title='bbox 920 2893 1029 2959; x_wconf 88' lang='lat' dir='ltr'><strong>Petrus</strong></span> <span class='ocrx_word' id='word_1_175' title='bbox 1045 2893 1200 2959; x_wconf 81' lang='grc'><strong>1111111111</strong></span> <span class='ocrx_word' id='word_1_176' title='bbox 1222 2891 1299 2958; x_wconf 91' lang='lat' dir='ltr'><strong>iuris</strong></span> <span class='ocrx_word' id='word_1_177' title='bbox 1321 2891 1438 2958; x_wconf 90' lang='lat' dir='ltr'><strong>utrius·</strong></span> 
     </span>
     <span class='ocr_line' id='line_1_22' title="bbox 187 3004 1439 3094; baseline 0.001 -23"><span class='ocrx_word' id='word_1_178' title='bbox 187 3023 245 3088; x_wconf 89' lang='lat' dir='ltr'><strong>quo</strong></span> <span class='ocrx_word' id='word_1_179' title='bbox 254 3004 357 3072; x_wconf 88' lang='lat' dir='ltr'><strong>doctor</strong></span> <span class='ocrx_word' id='word_1_180' title='bbox 372 3009 533 3075; x_wconf 87' lang='lat' dir='ltr'><strong>canonicus</strong></span> <span class='ocrx_word' id='word_1_181' title='bbox 542 3009 784 3075; x_wconf 84' lang='lat' dir='ltr'><strong>Ravennatensis</strong></span> <span class='ocrx_word' id='word_1_182' title='bbox 797 3009 1043 3094; x_wconf 84' lang='lat' dir='ltr'><strong>prothonotarius</strong></span> <span class='ocrx_word' id='word_1_183' title='bbox 1058 3007 1242 3092; x_wconf 88' lang='lat' dir='ltr'><strong>apostolicus</strong></span> <span class='ocrx_word' id='word_1_184' title='bbox 1258 3008 1439 3091; x_wconf 85' lang='lat' dir='ltr'><strong>sanctaeque</strong></span> 
     </span>
     <span class='ocr_line' id='line_1_23' title="bbox 187 3120 1438 3210; baseline 0.002 -23"><span class='ocrx_word' id='word_1_185' title='bbox 187 3120 429 3189; x_wconf 85' lang='lat' dir='ltr'><strong>Ravennateneis</strong></span> <span class='ocrx_word' id='word_1_186' title='bbox 444 3124 569 3191; x_wconf 85' lang='lat' dir='ltr'><strong>ecclesie</strong></span> <span class='ocrx_word' id='word_1_187' title='bbox 582 3125 713 3191; x_wconf 86' lang='lat' dir='ltr'><strong>vicarius</strong></span> <span class='ocrx_word' id='word_1_188' title='bbox 728 3126 888 3210; x_wconf 86' lang='lat' dir='ltr'><strong>generalis,</strong></span> <span class='ocrx_word' id='word_1_189' title='bbox 912 3126 943 3191; x_wconf 92' lang='grc'><strong>11</strong></span> <span class='ocrx_word' id='word_1_190' title='bbox 964 3141 1081 3191; x_wconf 90' lang='lat' dir='ltr'><strong>necnon</strong></span> <span class='ocrx_word' id='word_1_191' title='bbox 1097 3142 1119 3189; x_wconf 91' lang='lat' dir='ltr'><strong>s.</strong></span> <span class='ocrx_word' id='word_1_192' title='bbox 1136 3120 1164 3188; x_wconf 95' lang='lat' dir='ltr'><strong>d.</strong></span> <span class='ocrx_word' id='word_1_193' title='bbox 1180 3144 1209 3189; x_wconf 93' lang='lat' dir='ltr'><strong>n.</strong></span> <span class='ocrx_word' id='word_1_194' title='bbox 1225 3122 1253 3189; x_wconf 92' lang='lat' dir='ltr'><strong>d.</strong></span> <span class='ocrx_word' id='word_1_195' title='bbox 1270 3121 1438 3190; x_wconf 80' lang='lat' dir='ltr'><strong>Clementis</strong></span> 
     </span>
     <span class='ocr_line' id='line_1_24' title="bbox 187 3235 1437 3326; baseline 0.002 -24"><span class='ocrx_word' id='word_1_196' title='bbox 187 3235 290 3303; x_wconf 83' lang='lat' dir='ltr'><strong>divina</strong></span> <span class='ocrx_word' id='word_1_197' title='bbox 312 3237 501 3322; x_wconf 85' lang='lat' dir='ltr'><strong>providentia</strong></span> <span class='ocrx_word' id='word_1_198' title='bbox 524 3260 618 3325; x_wconf 87' lang='lat' dir='ltr'><strong>papae</strong></span> <span class='ocrx_word' id='word_1_199' title='bbox 642 3242 765 3325; x_wconf 89' lang='lat' dir='ltr'><strong>septimi</strong></span> <span class='ocrx_word' id='word_1_200' title='bbox 794 3241 1025 3326; x_wconf 83' lang='lat' dir='ltr'><strong>procuratores</strong></span> <span class='ocrx_word' id='word_1_201' title='bbox 1048 3239 1086 3304; x_wconf 91' lang='lat' dir='ltr'><strong>ad</strong></span> <span class='ocrx_word' id='word_1_202' title='bbox 1115 3237 1310 3323; x_wconf 84' lang='lat' dir='ltr'><strong>infrascripta</strong></span> <span class='ocrx_word' id='word_1_203' title='bbox 1334 3239 1437 3305; x_wconf 89' lang='lat' dir='ltr'><strong>omnia</strong></span> 
     </span>
     <span class='ocr_line' id='line_1_25' title="bbox 186 3352 1436 3441; baseline 0.003 -24"><span class='ocrx_word' id='word_1_204' title='bbox 186 3354 217 3418; x_wconf 90' lang='lat' dir='ltr'><strong>et</strong></span> <span class='ocrx_word' id='word_1_205' title='bbox 232 3353 354 3439; x_wconf 85' lang='lat' dir='ltr'><strong>singula</strong></span> <span class='ocrx_word' id='word_1_206' title='bbox 376 3354 547 3441; x_wconf 81' lang='lat' dir='ltr'><strong>peragenda</strong></span> <span class='ocrx_word' id='word_1_207' title='bbox 561 3358 687 3422; x_wconf 90' lang='lat' dir='ltr'><strong>nuntius</strong></span> <span class='ocrx_word' id='word_1_208' title='bbox 704 3356 874 3440; x_wconf 86' lang='lat' dir='ltr'><strong>specialiter</strong></span> <span class='ocrx_word' id='word_1_209' title='bbox 889 3356 1051 3440; x_wconf 90' lang='lat' dir='ltr'><strong>deputatus</strong></span> <span class='ocrx_word' id='word_1_210' title='bbox 1067 3354 1183 3433; x_wconf 78' lang='lat' dir='ltr'><strong>unicus,</strong></span> <span class='ocrx_word' id='word_1_211' title='bbox 1206 3355 1296 3437; x_wconf 89' lang='lat' dir='ltr'><strong>prout</strong></span> <span class='ocrx_word' id='word_1_212' title='bbox 1318 3352 1355 3420; x_wconf 93' lang='lat' dir='ltr'><strong>de</strong></span> <span class='ocrx_word' id='word_1_213' title='bbox 1370 3353 1436 3421; x_wconf 89' lang='lat' dir='ltr'><strong>eius</strong></span> 
     </span>
     <span class='ocr_line' id='line_1_26' title="bbox 185 3469 1435 3556; baseline 0.002 -22"><span class='ocrx_word' id='word_1_214' title='bbox 185 3471 405 3552; x_wconf 87' lang='lat' dir='ltr'><strong>procurationis</strong></span> <span class='ocrx_word' id='word_1_215' title='bbox 420 3471 564 3538; x_wconf 89' lang='lat' dir='ltr'><strong>mandato</strong></span> <span class='ocrx_word' id='word_1_216' title='bbox 580 3473 707 3552; x_wconf 77' lang='lat' dir='ltr'><strong>constat,</strong></span> <span class='ocrx_word' id='word_1_217' title='bbox 731 3472 761 3538; x_wconf 89' lang='lat' dir='ltr'><strong>et</strong></span> <span class='ocrx_word' id='word_1_218' title='bbox 777 3473 900 3556; x_wconf 89' lang='lat' dir='ltr'><strong>apparet</strong></span> <span class='ocrx_word' id='word_1_219' title='bbox 916 3491 951 3537; x_wconf 89' lang='grc'><strong>11</strong></span> <span class='ocrx_word' id='word_1_220' title='bbox 966 3469 1087 3555; x_wconf 92' lang='lat' dir='ltr'><strong>publico</strong></span> <span class='ocrx_word' id='word_1_221' title='bbox 1102 3469 1306 3536; x_wconf 88' lang='lat' dir='ltr'><strong>instrumento</strong></span> <span class='ocrx_word' id='word_1_222' title='bbox 1323 3469 1435 3553; x_wconf 89' lang='lat' dir='ltr'><strong>scripto</strong></span> 
     </span>
     <span class='ocr_line' id='line_1_27' title="bbox 185 3582 1435 3671; baseline 0.002 -20"><span class='ocrx_word' id='word_1_223' title='bbox 185 3586 216 3651; x_wconf 91' lang='lat' dir='ltr'><strong>et</strong></span> <span class='ocrx_word' id='word_1_224' title='bbox 237 3587 344 3671; x_wconf 85' lang='lat' dir='ltr'><strong>rogato</strong></span> <span class='ocrx_word' id='word_1_225' title='bbox 367 3606 420 3670; x_wconf 92' lang='lat' dir='ltr'><strong>per</strong></span> <span class='ocrx_word' id='word_1_226' title='bbox 435 3586 463 3653; x_wconf 90' lang='lat' dir='ltr'><strong>d.</strong></span> <span class='ocrx_word' id='word_1_227' title='bbox 479 3586 633 3653; x_wconf 86' lang='lat' dir='ltr'><strong>Veritium</strong></span> <span class='ocrx_word' id='word_1_228' title='bbox 657 3585 805 3671; x_wconf 83' lang='lat' dir='ltr'><strong>Spatham</strong></span> <span class='ocrx_word' id='word_1_229' title='bbox 828 3587 865 3652; x_wconf 90' lang='lat' dir='ltr'><strong>de</strong></span> <span class='ocrx_word' id='word_1_230' title='bbox 888 3585 973 3652; x_wconf 78' lang='grc'><strong>(11111</strong></span> <span class='ocrx_word' id='word_1_231' title='bbox 996 3585 1140 3652; x_wconf 90' lang='lat' dir='ltr'><strong>clericum</strong></span> <span class='ocrx_word' id='word_1_232' title='bbox 1163 3582 1343 3669; x_wconf 81' lang='lat' dir='ltr'><strong>Spoletanae</strong></span> <span class='ocrx_word' id='word_1_233' title='bbox 1366 3586 1435 3653; x_wconf 90' lang='lat' dir='ltr'><strong>dio-</strong></span> 
     </span>
     <span class='ocr_line' id='line_1_28' title="bbox 184 3700 1434 3787; baseline 0 -19"><span class='ocrx_word' id='word_1_234' title='bbox 184 3703 262 3768; x_wconf 91' lang='lat' dir='ltr'><strong>cesis</strong></span> <span class='ocrx_word' id='word_1_235' title='bbox 284 3721 419 3769; x_wconf 87' lang='lat' dir='ltr'><strong>camerae</strong></span> <span class='ocrx_word' id='word_1_236' title='bbox 435 3703 618 3787; x_wconf 85' lang='lat' dir='ltr'><strong>apostolicae</strong></span> <span class='ocrx_word' id='word_1_237' title='bbox 640 3703 793 3769; x_wconf 88' lang='lat' dir='ltr'><strong>notarium</strong></span> <span class='ocrx_word' id='word_1_238' title='bbox 808 3722 862 3787; x_wconf 91' lang='lat' dir='ltr'><strong>per</strong></span> <span class='ocrx_word' id='word_1_239' title='bbox 876 3720 926 3768; x_wconf 91' lang='grc'><strong>111</strong></span> <span class='ocrx_word' id='word_1_240' title='bbox 948 3701 1101 3769; x_wconf 88' lang='lat' dir='ltr'><strong>notarium</strong></span> <span class='ocrx_word' id='word_1_241' title='bbox 1116 3700 1345 3786; x_wconf 89' lang='lat' dir='ltr'><strong>infrascriptum</strong></span> <span class='ocrx_word' id='word_1_242' title='bbox 1369 3701 1434 3768; x_wconf 87' lang='lat' dir='ltr'><strong>viso</strong></span> 
     </span>
     <span class='ocr_line' id='line_1_29' title="bbox 183 3817 1433 3886; baseline 0 -2"><span class='ocrx_word' id='word_1_243' title='bbox 183 3819 214 3884; x_wconf 87' lang='lat' dir='ltr'><strong>ot</strong></span> <span class='ocrx_word' id='word_1_244' title='bbox 236 3820 315 3886; x_wconf 92' lang='lat' dir='ltr'><strong>lecto</strong></span> <span class='ocrx_word' id='word_1_245' title='bbox 337 3838 438 3885; x_wconf 88' lang='lat' dir='ltr'><strong>coram</strong></span> <span class='ocrx_word' id='word_1_246' title='bbox 461 3820 549 3886; x_wconf 91' lang='lat' dir='ltr'><strong>nobie</strong></span> <span class='ocrx_word' id='word_1_247' title='bbox 572 3819 605 3885; x_wconf 92' lang='lat' dir='ltr'><strong>in</strong></span> <span class='ocrx_word' id='word_1_248' title='bbox 628 3819 754 3886; x_wconf 89' lang='lat' dir='ltr'><strong>ecclesia</strong></span> <span class='ocrx_word' id='word_1_249' title='bbox 776 3819 943 3885; x_wconf 86' lang='lat' dir='ltr'><strong>cathedrali</strong></span> <span class='ocrx_word' id='word_1_250' title='bbox 973 3820 1094 3884; x_wconf 87' lang='lat' dir='ltr'><strong>sanctae</strong></span> <span class='ocrx_word' id='word_1_251' title='bbox 1117 3817 1359 3884; x_wconf 84' lang='lat' dir='ltr'><strong>Ravennatensis</strong></span> <span class='ocrx_word' id='word_1_252' title='bbox 1382 3837 1433 3884; x_wconf 91' lang='lat' dir='ltr'><strong>ec-</strong></span> 
     </span>
     <span class='ocr_line' id='line_1_30' title="bbox 182 3931 1433 4019; baseline 0 -19"><span class='ocrx_word' id='word_1_253' title='bbox 182 3932 292 4001; x_wconf 89' lang='lat' dir='ltr'><strong>clesiae</strong></span> <span class='ocrx_word' id='word_1_254' title='bbox 315 3934 351 4001; x_wconf 93' lang='lat' dir='ltr'><strong>de</strong></span> <span class='ocrx_word' id='word_1_255' title='bbox 374 3954 464 4002; x_wconf 89' lang='lat' dir='ltr'><strong>mane</strong></span> <span class='ocrx_word' id='word_1_256' title='bbox 477 3935 553 4001; x_wconf 88' lang='lat' dir='ltr'><strong>hora</strong></span> <span class='ocrx_word' id='word_1_257' title='bbox 576 3935 734 4001; x_wconf 84' lang='lat' dir='ltr'><strong>tertiarum</strong></span> <span class='ocrx_word' id='word_1_258' title='bbox 750 3935 918 4019; x_wconf 89' lang='lat' dir='ltr'><strong>comparuit</strong></span> <span class='ocrx_word' id='word_1_259' title='bbox 941 3934 972 4000; x_wconf 89' lang='lat' dir='ltr'><strong>et</strong></span> <span class='ocrx_word' id='word_1_260' title='bbox 987 3932 1068 4000; x_wconf 91' lang='lat' dir='ltr'><strong>dicto</strong></span> <span class='ocrx_word' id='word_1_261' title='bbox 1083 3931 1288 4016; x_wconf 89' lang='lat' dir='ltr'><strong>procuratorio</strong></span> <span class='ocrx_word' id='word_1_262' title='bbox 1310 3932 1433 4000; x_wconf 90' lang='lat' dir='ltr'><strong>nomine</strong></span> 
     </span>
     <span class='ocr_line' id='line_1_31' title="bbox 182 4047 1434 4136; baseline 0.001 -22"><span class='ocrx_word' id='word_1_263' title='bbox 182 4049 319 4116; x_wconf 81' lang='lat' dir='ltr'><strong>exhibuit</strong></span> <span class='ocrx_word' id='word_1_264' title='bbox 341 4051 373 4118; x_wconf 93' lang='lat' dir='ltr'><strong>et</strong></span> <span class='ocrx_word' id='word_1_265' title='bbox 393 4050 579 4134; x_wconf 88' lang='lat' dir='ltr'><strong>presentavit</strong></span> <span class='ocrx_word' id='word_1_266' title='bbox 601 4049 749 4136; x_wconf 88' lang='lat' dir='ltr'><strong>quasdam</strong></span> <span class='ocrx_word' id='word_1_267' title='bbox 771 4049 891 4116; x_wconf 88' lang='lat' dir='ltr'><strong>litteras</strong></span> <span class='ocrx_word' id='word_1_268' title='bbox 907 4068 926 4114; x_wconf 89' lang='lat' dir='ltr'><strong>a</strong></span> <span class='ocrx_word' id='word_1_269' title='bbox 941 4048 1149 4114; x_wconf 90' lang='lat' dir='ltr'><strong>sacratissimo</strong></span> <span class='ocrx_word' id='word_1_270' title='bbox 1172 4047 1295 4113; x_wconf 92' lang='lat' dir='ltr'><strong>domino</strong></span> <span class='ocrx_word' id='word_1_271' title='bbox 1311 4047 1434 4115; x_wconf 91' lang='lat' dir='ltr'><strong>domino</strong></span> 
     </span>
     <span class='ocr_line' id='line_1_32' title="bbox 182 4163 1434 4252; baseline 0.001 -22"><span class='ocrx_word' id='word_1_272' title='bbox 182 4163 288 4231; x_wconf 79' lang='lat' dir='ltr'><strong>Oarolo</strong></span> <span class='ocrx_word' id='word_1_273' title='bbox 310 4165 417 4250; x_wconf 87' lang='lat' dir='ltr'><strong>quinto</strong></span> <span class='ocrx_word' id='word_1_274' title='bbox 441 4169 571 4252; x_wconf 79' lang='lat' dir='ltr'><strong>augusto</strong></span> <span class='ocrx_word' id='word_1_275' title='bbox 586 4167 792 4232; x_wconf 88' lang='lat' dir='ltr'><strong>Romanorum</strong></span> <span class='ocrx_word' id='word_1_276' title='bbox 816 4166 997 4249; x_wconf 87' lang='lat' dir='ltr'><strong>imperatore</strong></span> <span class='ocrx_word' id='word_1_277' title='bbox 1012 4166 1043 4231; x_wconf 92' lang='grc'><strong>11</strong></span> <span class='ocrx_word' id='word_1_278' title='bbox 1058 4182 1152 4229; x_wconf 87' lang='lat' dir='ltr'><strong>manu</strong></span> <span class='ocrx_word' id='word_1_279' title='bbox 1167 4181 1223 4228; x_wconf 93' lang='lat' dir='ltr'><strong>sua</strong></span> <span class='ocrx_word' id='word_1_280' title='bbox 1238 4163 1434 4247; x_wconf 81' lang='lat' dir='ltr'><strong>subscriptas,</strong></span> 
     </span>
     <span class='ocr_line' id='line_1_33' title="bbox 181 4279 1433 4368; baseline 0.001 -22"><span class='ocrx_word' id='word_1_281' title='bbox 181 4299 217 4346; x_wconf 87' lang='lat' dir='ltr'><strong>ac</strong></span> <span class='ocrx_word' id='word_1_282' title='bbox 231 4301 249 4346; x_wconf 92' lang='grc'><strong>1</strong></span> <span class='ocrx_word' id='word_1_283' title='bbox 264 4282 350 4368; x_wconf 84' lang='lat' dir='ltr'><strong>tergo</strong></span> <span class='ocrx_word' id='word_1_284' title='bbox 372 4282 508 4365; x_wconf 88' lang='lat' dir='ltr'><strong>ipsarum</strong></span> <span class='ocrx_word' id='word_1_285' title='bbox 525 4283 629 4367; x_wconf 81' lang='lat' dir='ltr'><strong>sigillo</strong></span> <span class='ocrx_word' id='word_1_286' title='bbox 652 4282 730 4348; x_wconf 91' lang='lat' dir='ltr'><strong>sacri</strong></span> <span class='ocrx_word' id='word_1_287' title='bbox 749 4281 873 4365; x_wconf 92' lang='lat' dir='ltr'><strong>Imperii</strong></span> <span class='ocrx_word' id='word_1_288' title='bbox 897 4279 1059 4366; x_wconf 83' lang='lat' dir='ltr'><strong>sigillatas,</strong></span> <span class='ocrx_word' id='word_1_289' title='bbox 1074 4297 1150 4364; x_wconf 84' lang='lat' dir='ltr'><strong>quas</strong></span> <span class='ocrx_word' id='word_1_290' title='bbox 1167 4279 1290 4362; x_wconf 90' lang='lat' dir='ltr'><strong>quidem</strong></span> <span class='ocrx_word' id='word_1_291' title='bbox 1312 4279 1433 4347; x_wconf 89' lang='lat' dir='ltr'><strong>litteras</strong></span> 
     </span>
     <span class='ocr_line' id='line_1_34' title="bbox 180 4393 1432 4484; baseline -0.001 -22"><span class='ocrx_word' id='word_1_292' title='bbox 180 4395 216 4462; x_wconf 91' lang='lat' dir='ltr'><strong>ut</strong></span> <span class='ocrx_word' id='word_1_293' title='bbox 239 4415 329 4481; x_wconf 88' lang='lat' dir='ltr'><strong>supra</strong></span> <span class='ocrx_word' id='word_1_294' title='bbox 351 4397 503 4464; x_wconf 82' lang='lat' dir='ltr'><strong>exhibitas</strong></span> <span class='ocrx_word' id='word_1_295' title='bbox 526 4400 557 4464; x_wconf 93' lang='grc'><strong>11</strong></span> <span class='ocrx_word' id='word_1_296' title='bbox 579 4398 769 4484; x_wconf 85' lang='lat' dir='ltr'><strong>presentatas</strong></span> <span class='ocrx_word' id='word_1_297' title='bbox 792 4397 963 4464; x_wconf 89' lang='lat' dir='ltr'><strong>cumomni</strong></span> <span class='ocrx_word' id='word_1_298' title='bbox 986 4414 1045 4480; x_wconf 88' lang='lat' dir='ltr'><strong>qua</strong></span> <span class='ocrx_word' id='word_1_299' title='bbox 1067 4393 1169 4461; x_wconf 87' lang='lat' dir='ltr'><strong>decuit</strong></span> <span class='ocrx_word' id='word_1_300' title='bbox 1191 4394 1360 4462; x_wconf 78' lang='lat' dir='ltr'><strong>reuerentia</strong></span> <span class='ocrx_word' id='word_1_301' title='bbox 1376 4394 1432 4461; x_wconf 92' lang='lat' dir='ltr'><strong>ad·</strong></span> 
     </span>
     <span class='ocr_line' id='line_1_35' title="bbox 180 4509 1434 4596; baseline -0.001 -17"><span class='ocrx_word' id='word_1_302' title='bbox 180 4512 324 4579; x_wconf 90' lang='lat' dir='ltr'><strong>misimus</strong></span> <span class='ocrx_word' id='word_1_303' title='bbox 339 4515 370 4578; x_wconf 91' lang='lat' dir='ltr'><strong>et</strong></span> <span class='ocrx_word' id='word_1_304' title='bbox 385 4513 554 4596; x_wconf 89' lang='lat' dir='ltr'><strong>recepimus</strong></span> <span class='ocrx_word' id='word_1_305' title='bbox 577 4512 753 4579; x_wconf 88' lang='lat' dir='ltr'><strong>huiusmodi</strong></span> <span class='ocrx_word' id='word_1_306' title='bbox 769 4514 825 4579; x_wconf 93' lang='lat' dir='ltr'><strong>sub</strong></span> <span class='ocrx_word' id='word_1_307' title='bbox 845 4513 957 4593; x_wconf 79' lang='lat' dir='ltr'><strong>tenore,</strong></span> <span class='ocrx_word' id='word_1_308' title='bbox 980 4511 1136 4578; x_wconf 86' lang='lat' dir='ltr'><strong>videlicet:</strong></span> <span class='ocrx_word' id='word_1_309' title='bbox 1160 4509 1284 4577; x_wconf 82' lang='lat' dir='ltr'><strong>Carolus</strong></span> <span class='ocrx_word' id='word_1_310' title='bbox 1308 4513 1434 4596; x_wconf 87' lang='lat' dir='ltr'><strong>quintus</strong></span> 
     </span>
    </p>
   </div>
   <div class='ocr_carea' id='block_1_3' title="bbox 0 0 1678 5084">
    <p class='ocr_par' dir='ltr' id='par_1_7' title="bbox 0 0 1678 5084">
     <span class='ocr_line' id='line_1_36' title="bbox 0 0 1678 5084; baseline 0 9"><span class='ocrx_word' id='word_1_311' title='bbox 0 0 1678 5084; x_wconf 95' lang='lat' dir='ltr'><strong> </strong></span> 
     </span>
    </p>
   </div>
  </div>
 </body>
</html>
