3396 5090
789 298 1028 364 -216-

284 492 400 570 tantoq'
417 489 503 556 omni
524 490 621 556 animi
637 489 738 556 studio
759 491 956 566 obtestamur.
1002 490 1049 557 De
1071 510 1130 576 qno
1153 491 1246 558 etiam
1262 511 1333 556 enm
1354 509 1390 556 ea
1405 490 1538 558 numme

281 604 367 673 'filine
398 607 501 674 noster
522 606 571 673 Jo.
595 607 651 673 ete
674 605 804 691 leqatna
827 609 859 672 et
887 607 916 673 d.
938 606 958 674 f.
982 607 1149 674 Baldaeear
1177 607 1238 674 ete
1261 605 1390 690 nuntine
1419 606 1537 674 nostrie

285 721 386 788 verbio
400 723 503 806 agent
525 721 637 806 quibus
651 721 707 788 illa
728 720 822 788 fidem
835 723 970 790 habebit
1015 724 1132 790 Datum
1146 722 1261 789 Romae
1276 724 1332 790 eta
1355 722 1405 789 die
1418 723 1458 790 ix.
1473 723 1536 789 Fe-

284 836 400 904 bruarii
421 836 552 904 mdxxvi
569 881 579 886 „
593 837 797 904 Pontificatum
820 838 919 904 noetri
940 857 1019 905 anno
1040 839 1140 906 tertio.

853 953 976 1040 (nona).

566 1039 696 1122 Caesari,

565 1159 645 1244 Rege·
665 1159 797 1244 ungriae
818 1161 850 1226 et

565 1275 645 1358 Regi
666 1274 874 1359 Portngaltiae
896 1274 933 1341 de
956 1275 1046 1342 rebna
1069 1275 1241 1360 Ungarioie.

375 1390 415 1456 Et
436 1389 560 1475 quidem
583 1390 734 1456 habentur
755 1389 847 1456 verba
869 1389 1019 1475 quaedam
1040 1391 1161 1458 mutata
1183 1390 1223 1457 ad
1244 1410 1331 1477 reges
1353 1390 1484 1474 Angline
1507 1393 1541 1456 et

284 1505 501 1592 Portugalliae,
524 1506 564 1572 ad
586 1505 780 1592 archiduoem
801 1505 953 1601 nustriae
976 1506 1014 1572 ad
1037 1505 1194 1574 dominam
1216 1507 1490 1593 Eupoliamoneem

879 1649 951 1718 165.

712 1771 906 1832 Anohiduot
930 1762 1109 1852 (nustriae).

375 1881 494 1948 Dileote
516 1879 570 1946 dli
616 1879 774 1946 Credimus
804 1879 961 1947 nobilitati
988 1881 1059 1946 tuae
1081 1899 1148 1946 esee
1169 1880 1233 1946 iam
1262 1881 1368 1947 notum
1398 1879 1478 1965 quod
1501 1879 1541 1946 de

285 1997 431 2082 perieulis
445 1995 601 2081 Ungariae
623 1996 711 2081 gravi
733 1996 864 2062 ettrieti
886 1996 995 2063 nando
1011 2015 1067 2063 nos
1089 2015 1207 2081 quoque
1221 1997 1428 2081 eognovimus.
1452 1994 1542 2077 Quod

287 2113 315 2180 ei
337 2113 414 2180 torte
437 2111 536 2179 adhue
558 2131 620 2178 non
642 2111 698 2187 eit;
721 2130 787 2178 rem
809 2111 892 2178 enim
915 2111 1050 2179 nondum
1071 2113 1284 2197 pervulgatam
1306 2131 1403 2197 nequo
1426 2112 1459 2178 in
1480 2131 1539 2196 po-
1667 2119 1668 2134 ff

286 2229 395 2314 pulum
424 2227 540 2294 editam
562 2226 742 2311 aooepimns,
772 2226 1030 2312 quomadmodum
1051 2226 1193 2295 videlieet
1215 2228 1247 2294 et
1268 2227 1485 2296 deliberatione
1508 2230 1542 2296 et

285 2345 435 2429 apparatu
451 2345 566 2410 Turom
587 2343 652 2410 iam
666 2343 700 2409 in
714 2343 871 2427 prooinotu
886 2343 958 2422 sint,
980 2343 1175 2429 ipsorumque
1191 2363 1244 2428 epe
1266 2343 1330 2410 iam
1345 2345 1434 2428 capta
1448 2346 1542 2428 atque

287 2460 439 2538 oonfeom,
463 2461 568 2526 nostra
588 2477 682 2544 prope
703 2458 913 2544 desperatione
934 2459 1120 2544 complorata
1145 2458 1284 2544 Ungarin
1305 2461 1368 2539 eat,
1390 2459 1542 2526 iussimus

287 2576 389 2661 oapita
417 2575 591 2642 litterarum
619 2593 696 2658 quae
726 2575 765 2641 ab
787 2573 911 2642 homine
939 2574 1000 2641 fido
1023 2577 1055 2641 et
1084 2575 1232 2658 prudente
1253 2575 1301 2642 Jo.
1324 2576 1397 2643 Ant
1420 2575 1541 2644 Barone
1667 2589 1668 2650 ζ

286 2689 425 2778 (Burgn)
441 2690 613 2774 aoeepimue
635 2689 673 2758 de
695 2689 745 2756 his
760 2691 851 2758 rebus
874 2689 1006 2757 describi
1021 2691 1053 2756 ot
1075 2690 1114 2757 ad
1136 2693 1255 2759 nob.tem
1277 2693 1366 2758 tuam
1387 2689 1480 2770 mitti
1503 2693 1542 2758 ut
1667 2709 1668 2778 3

287 2826 347 2894 quo
361 2807 396 2874 in
410 2809 494 2874 statu
509 2825 558 2874 roe
580 2805 669 2890 regni
683 2806 769 2872 illine
785 2805 849 2873 nint
863 2824 1014 2890 quamque
1028 2805 1150 2873 infirme
1171 2807 1204 2874 et
1225 2807 1336 2874 misere
1359 2807 1542 2874 rehabeant

288 2922 410 3009 planius
433 2941 469 2990 ex
490 2921 556 2988 illio
578 2939 782 3006 oognoaoeree.
827 2922 941 2988 Teenm
963 2940 1033 2988 varo
1062 2922 1220 2989 oariaaime
1241 2921 1289 2988 fili
1310 2939 1372 2989 non
1393 2924 1463 2989 tam
1482 2923 1540 2988 ob·

286 3037 451 3105 tentatione
473 3038 527 3104 ant
541 3036 681 3123 preeibue
703 3055 794 3122 qnam
811 3055 882 3102 eura
896 3036 928 3102 et
949 3036 1051 3104 dolore
1066 3037 1196 3122 agimus.
1243 3035 1326 3104 Haeo
1339 3037 1424 3104 enim
1438 3036 1541 3104 eladae
1667 3115 1668 3136 χ

290 3155 318 3222 ai
339 3153 457 3221 aecidat
478 3171 570 3238 quom
585 3152 701 3219 exitum
724 3154 842 3219 avertat
857 3153 949 3232 Deua,
971 3154 1042 3238 poet
1064 3171 1193 3238 regnum
1207 3172 1370 3238 regemque
1391 3153 1482 3220 illum
1500 3151 1541 3218 ad

287 3272 319 3336 to
341 3269 538 3354 potissimum
560 3271 593 3335 et
614 3267 654 3333 ad
684 3269 784 3334 statne
806 3267 855 3334 tui
876 3267 1094 3334 detrimentum
1116 3268 1258 3353 pertinet
1286 3269 1322 3334 ut
1343 3267 1383 3334 ad
1404 3267 1539 3340 dolorem

288 3404 389 3452 rernm
411 3385 536 3451 illarum
558 3385 610 3451 hio
631 3403 749 3469 qnoque
763 3383 801 3450 de
823 3385 914 3451 rebus
936 3384 999 3450 tuis
1013 3384 1047 3451 in
1069 3383 1172 3451 animo
1194 3386 1299 3451 nostro
1322 3385 1364 3452 eit
1378 3383 1539 3451 adiunctus

287 3500 405 3579 meina,
420 3519 455 3568 eo
477 3501 576 3568 maior
597 3519 633 3567 ao
657 3499 862 3568 vehementior
877 3518 936 3585 qno
958 3502 1063 3567 nostra
1081 3519 1154 3585 erga
1176 3501 1295 3568 nob.tem
1316 3503 1401 3570 tuam
1419 3517 1539 3566 nummo

286 3614 421 3700 quodam
435 3633 539 3683 amore
553 3618 602 3682 oet
623 3615 816 3682 inflammata
830 3615 973 3682 oharitae.
1013 3613 1172 3682 Cernimus
1194 3615 1318 3701 qnidam
1332 3616 1394 3701 ipsi
1414 3616 1449 3683 in
1462 3633 1540 3701 qnae

287 3731 548 3817 temperamenti
578 3731 618 3797 ad
646 3732 704 3798 hoe
725 3749 891 3815 praegrave
912 3731 992 3808 iam,
1020 3750 1213 3815 nequequam
1241 3733 1359 3801 antem.
1374 3730 1540 3798 ineundum

287 3845 483 3931 pontificatue
512 3846 750 3914 administrandi
770 3865 847 3912 onne
869 3844 1027 3925 fuerimus,
1055 3845 1191 3914 infaueta
1212 3845 1355 3914 videlieet
1375 3847 1408 3913 et
1429 3845 1538 3912 dubu-

287 3961 386 4038 ientar
408 3961 519 4046 quibua
541 3962 685 4049 quioquid
700 3961 871 4028 sanandum
892 3961 1192 4047 eonnmandunquo
1214 3960 1431 4046 apprehendas,
1453 3960 1540 4027 utin

286 4075 420 4144 rninooie
447 4077 615 4162 parietibus
644 4078 749 4162 putres
772 4077 941 4144 atrnotnrae
971 4077 1079 4158 nolent,
1107 4079 1153 4144 ita
1175 4077 1234 4144 tibi
1261 4077 1485 4164 apprehensum
1506 4076 1540 4144 in

287 4191 431 4260 manibne
458 4192 625 4260 oonteritnr
652 4192 691 4258 ad
721 4191 912 4280 nihilumque
941 4191 1099 4277 redigitm.
1145 4192 1313 4260 Tenuimne
1342 4193 1446 4259 tamen
1471 4193 1539 4262 Deo

277 4307 452 4376 ,adinvento
466 4307 621 4394 Ungariae
644 4309 776 4376 eunom
790 4327 887 4394 neque
898 4307 935 4376 in
948 4307 1128 4377 hodiernum
1144 4308 1235 4376 diam.
1273 4307 1339 4376 Noa
1354 4308 1438 4378 enim
1451 4313 1539 4376 eum-

289 4441 373 4489 mam
395 4421 540 4507 pecuniae
561 4442 638 4508 quae
658 4423 732 4491 illue
754 4443 773 4490 a
794 4424 831 4491 fe.
852 4445 891 4491 re.
915 4423 1050 4490 Adriano
1072 4424 1299 4509 praedeeessore
1319 4425 1424 4490 nostro
1444 4424 1541 4491 minan
