3396 5090
788 349 1033 416 —178-

280 546 312 610 et
333 544 511 628 prudentiae
532 542 700 627 plurimum
723 542 915 622 confidentes,
937 561 974 609 ao
1003 543 1159 626 sperantes
1183 541 1262 625 quod
1283 543 1314 608 te
1337 541 1412 607 duce
1440 561 1531 607 man-

278 660 350 726 data
378 662 482 726 nostra
511 660 542 725 et
570 658 708 724 iustitiae
734 657 858 724 effectus
881 657 1068 724 commodius
1096 657 1264 724 executioni
1292 657 1533 734 mandabuntur,

277 776 430 843 devotioni
451 777 521 840 tuae
536 791 589 858 per
604 775 758 858 presentes
781 773 1002 840 committimus
1026 775 1061 838 ut
1076 773 1114 838 ad
1128 772 1206 838 illud
1228 755 1362 840 oustmm
1378 790 1525 858 persone-

276 894 349 958 iiter
371 895 401 958 te
424 892 559 958 conferas
589 909 624 955 ac
647 909 722 973 quas
746 890 797 955 dii.
821 890 850 955 fi.
874 888 1060 972 Hieronymo
1084 887 1203 954 Guaido
1226 888 1408 956 Vincentino
1436 888 1531 954 latori

276 1007 483 1091 praesentium
504 1007 563 1072 tibi
577 1008 680 1072 nostro
703 1006 825 1072 nomine
847 1004 1002 1071 referenda
1024 1003 1252 1070 commissimus
1267 1005 1360 1072 tidem
1381 1005 1446 1071 illis
1468 1005 1528 1069 ha-

278 1125 350 1189 bens
374 1141 409 1188 ao
431 1141 584 1206 exequere,
606 1121 715 1188 dantes
737 1121 797 1187 tibi
819 1122 941 1204 plenam
964 1122 995 1186 et
1013 1119 1221 1186 omnimodam
1243 1122 1427 1204 potestatem
1450 1139 1527 1205 quae

276 1238 315 1304 ad
336 1238 421 1304 illius
450 1238 544 1303 castri
572 1237 828 1321 recuperationem
858 1238 1025 1321 opportuna
1055 1239 1143 1302 emnt
1172 1236 1339 1303 mandandi
1367 1235 1529 1303 ordinandi

275 1353 398 1420 iubendi
421 1373 456 1419 aa
478 1353 649 1437 exequendi
695 1351 877 1418 Mandantes
900 1354 965 1417 tarn
983 1351 1043 1436 ipsi
1066 1352 1232 1436 vicelegato
1249 1371 1342 1436 quam
1364 1353 1434 1418 otiis
1458 1371 1526 1418 om-

276 1471 366 1535 nibus
388 1471 422 1535 in
444 1469 488 1535 eis
518 1470 593 1535 locis
616 1471 647 1534 st
670 1470 759 1534 rebus
789 1467 1018 1534 intendentibus
1049 1469 1197 1550 quatenus
1227 1467 1286 1532 tibi
1315 1468 1395 1533 cirea
1417 1468 1475 1533 hoc
1497 1469 1529 1534 et

275 1585 337 1651 tuis
360 1584 514 1652 mandatis
529 1584 672 1650 obediant
694 1587 725 1650 et
740 1585 945 1668 obsequantur
961 1585 1018 1649 sub
1041 1583 1144 1666 grauis
1161 1582 1383 1667 indignationis
1406 1585 1528 1650 nostrae

275 1719 386 1784 poena,
416 1720 476 1767 non
505 1700 699 1765 obstantibus
731 1699 966 1782 quibuscunque.
1013 1698 1129 1763 Datum
1158 1699 1273 1764 Romae
1303 1701 1359 1766 eto.
1390 1699 1438 1766 die
1461 1709 1528 1766 xxx:

275 1816 416 1883 Octobris
439 1815 557 1882 mdxxv.
602 1815 691 1881 Anno
715 1813 852 1880 seeundo.

363 2047 527 2113 Archiduci
559 2044 738 2132 (Austriaa).
784 2045 886 2131 Rogat
915 2045 1043 2112 eundem
1072 2045 1207 2128 pontifex
1236 2048 1271 2112 ut
1301 2047 1421 2113 salvum
1450 2065 1524 2112 con-

273 2165 399 2230 ductum
421 2165 452 2229 et
474 2162 667 2228 transitorias
696 2162 816 2228 litteras
839 2180 893 2245 pro
915 2162 1055 2245 episcopo
1078 2159 1218 2227 Sourensi
1247 2164 1278 2228 et
1300 2162 1424 2227 homine
1445 2179 1522 2246 quo-

271 2280 343 2346 dam
358 2279 533 2358 Messeniis,
556 2298 627 2344 onrn
642 2277 789 2343 comitatu
812 2277 945 2360 equestri
968 2295 1003 2342 ac
1018 2277 1151 2362 pedestri
1174 2279 1204 2343 et
1227 2275 1343 2343 duobus
1359 2277 1408 2343 vel
1423 2277 1523 2342 tribus

270 2394 507 2478 impedimentis,
530 2394 569 2459 ad
593 2393 700 2459 duoom
715 2392 886 2458 Mosooviae
900 2393 1052 2472 euntibus,
1074 2393 1108 2458 in
1122 2392 1220 2458 forma
1235 2392 1428 2477 amplissima
1450 2412 1525 2458 oon·

274 2511 369 2576 cedet.
414 2511 529 2576 Romae
551 2509 628 2575 xxxi.
653 2509 793 2575 Octobris
817 2527 895 2574 anno
918 2510 953 2574 ut
976 2527 1074 2594 supra.

359 2740 500 2826 Capitulo
523 2741 713 2807 Brixinensis
736 2740 938 2806 6661661166-
953 2759 1007 2824 pro
1031 2737 1161 2824 Georgio
1184 2740 1221 2805 de
1238 2739 1373 2819 Austris,
1395 2741 1432 2805 nt
1452 2759 1524 2806 eum

269 2857 302 2922 in
324 2857 499 2942 epismpnm
522 2858 647 2941 eligant.
671 2894 715 2903 -
738 2856 837 2922 Diei
861 2855 1044 2923 Novembris
1067 2855 1185 2921 mdxxv.
1227 2855 1316 2922 Anno
1340 2855 1477 2922 secundo.

864 3115 935 3184 135.

360 3281 502 3340 Dilectis
526 3281 604 3341 iiiiis
626 3281 682 3341 dn.
705 3282 843 3342 daeobo
867 3285 902 3340 et
925 3281 981 3340 de.
1003 3281 1186 3355 Baptistae
1207 3281 1253 3340 de
1276 3282 1432 3342 Medicis.

358 3435 472 3500 Dilecti
493 3435 558 3499 filii
604 3435 750 3519 Legimus
772 3435 892 3501 litteras
908 3437 1025 3501 vestras
1047 3434 1157 3520 quibus
1172 3435 1348 3501 iustificatis
1370 3435 1521 3502 uodonem

269 3551 402 3615 vestram
426 3569 502 3633 quae
524 3551 562 3615 ob
592 3549 798 3616 defensionem
820 3551 908 3616 Arois
931 3549 1100 3616 Clarennee
1130 3552 1270 3634 suscepta
1292 3553 1347 3617 est.
1393 3552 1439 3617 De
1461 3569 1522 3635 qus

269 3665 392 3750 quidem
422 3666 539 3731 actione
568 3665 683 3731 nuliius
713 3665 751 3730 ad
781 3684 836 3731 nos
859 3666 1007 3731 venerunt
1036 3667 1183 3750 querelae,
1213 3685 1309 3750 neque
1341 3667 1369 3732 si
1397 3667 1521 3732 uenient

272 3801 378 3847 sumus
393 3781 473 3860 ilias,
490 3781 551 3846 nisi
566 3780 680 3846 auditis
696 3781 853 3847 hincinde
875 3781 1054 3860 rationibus,
1070 3781 1243 3848 admissuri
1290 3781 1434 3848 Vestram
1450 3799 1520 3847 vero

267 3916 339 3980 erga
362 3916 416 3963 nos
439 3897 589 3979 optimam
611 3897 801 3963 voluntatem
822 3915 857 3961 ao
879 3896 1104 3963 observantiam
1126 3897 1249 3981 gratem
1273 3896 1438 3964 admodum
1460 3897 1518 3961 ha-

266 4013 382 4092 bemus,
404 4012 549 4095 vobisque
566 4032 670 4078 sumus
686 4031 861 4096 quacunque
876 4029 909 4078 re
930 4012 1035 4078 lioebit
1049 4011 1145 4077 futuri
1168 4012 1307 4078 benevoli
1329 4014 1361 4078 et
1375 4013 1516 4078 fautores.

267 4128 384 4193 Datum
406 4127 521 4194 Romae
543 4129 598 4193 ete.
622 4127 724 4192 dieii.
748 4127 931 4193 iiousmbris
954 4127 1071 4192 mdxxs.
1117 4128 1206 4192 Anno
1230 4127 1367 4194 secundo.

358 4357 512 4423 Cardinali
535 4359 718 4424 Eboreoensi
741 4379 860 4443 —pro
891 4359 1030 4443 episcopo
1053 4359 1262 4438 Bathoniensi,
1292 4360 1411 4425 oratore
1439 4360 1520 4444 apud

268 4475 451 4557 pontificem,
475 4475 507 4540 in
523 4475 671 4558 Angliam
696 4475 845 4541 redeunte.
863 4475 980 4540 —Die
1002 4494 1029 4539 ι.
1053 4473 1236 4541 Nouembris
1259 4493 1338 4540 anno
1361 4476 1397 4540 nt
1420 4493 1518 4561 supra
