3380 5088
796 289 1038 354 -312-

291 483 412 568 agimus
435 483 552 568 gratias
573 503 599 550 e.
614 503 642 549 v.
659 501 682 548 s.
697 503 751 566 pro
774 485 840 548 tam
861 482 912 566 pio
936 500 989 548 suo
1012 482 1045 548 in
1060 502 1115 549 nos
1138 481 1248 550 affeetu
1269 483 1425 567 tantisque
1447 482 1546 548 bens-

292 598 371 665 lioiis
400 601 432 664 et
462 617 584 664 somma
615 598 764 666 charitate
795 597 879 664 brevi
908 598 1129 683 gratitudinem
1159 600 1296 666 nostram
1318 618 1350 665 re
1373 599 1404 664 ot
1435 597 1547 664 elfootu

292 715 496 790 monstratum
520 734 577 799 que
601 713 629 779 si
642 714 743 782 tenuis
759 733 794 780 ao
813 714 931 781 modion
945 714 1022 780 sorte
1037 713 1198 794 videbitur,
1221 715 1260 780 ab
1275 733 1388 800 magno
1410 713 1546 798 profesto

291 831 446 916 liberoque
461 831 564 898 animo
580 850 615 897 ae
629 831 662 897 in
677 849 798 898 omnem
814 831 992 897 felicitatem
1008 832 1039 897 et
1055 830 1272 897 subiectionem
1296 829 1547 896 mustantissime

290 947 448 1013 inflamato
471 947 519 1012 est
540 946 682 1031 proiecta,
712 949 903 1031 preterquam
926 947 1026 1013 omnis
1049 948 1115 1012 stas
1138 948 1243 1013 nostra
1265 949 1355 1032 atque
1378 947 1543 1031 posteritas

292 1083 347 1146 pro
362 1063 443 1129 felici
459 1063 660 1148 diuturnaque
676 1063 902 1129 conservatione
924 1082 948 1130 e.
964 1082 991 1129 r.
1009 1083 1032 1129 a.
1048 1081 1151 1147 preoes
1166 1065 1202 1128 ut
1216 1082 1272 1146 par
1294 1065 1342 1128 ost
1357 1062 1546 1128 inoessan'er

293 1178 426 1245 effundet
449 1180 480 1244 et
502 1179 602 1244 Deum
624 1179 794 1244 marimum
816 1178 869 1263 qui
891 1178 988 1244 faeere
1011 1177 1155 1263 dignetur
1177 1181 1212 1244 ut
1234 1179 1321 1244 illem
1345 1178 1378 1244 in
1400 1177 1461 1244 isto
1485 1177 1542 1244 ti·

294 1294 530 1378 umphatissimo
553 1295 635 1361 orbis
651 1296 730 1361 torre
754 1295 834 1361 soleo
857 1293 1032 1360 diutissime
1047 1293 1222 1361 diutissime
1243 1294 1397 1378 possimus
1412 1293 1545 1370 adorare,

294 1411 379 1477 ouius
402 1410 590 1477 beatissimis
621 1409 749 1496 pedibus
772 1428 827 1476 nos
857 1409 999 1476 continuo
1028 1409 1205 1477 humillime
1231 1408 1455 1476 comendamus.
1502 1409 1547 1474 Er

293 1527 395 1592 vestra
416 1526 539 1592 civitate
562 1525 750 1609 Carpentorii
772 1523 821 1591 dis
842 1525 900 1591 xri
924 1525 1102 1591 Decembris
1124 1524 1254 1591 mdxxir.

1031 1641 1167 1708 Humilis
1190 1640 1305 1707 subditi
1326 1641 1538 1725 procuratores

1136 1756 1445 1840 patrieoomitatuset

1120 1871 1267 1940 Consules
1290 1871 1464 1957 Carpentor.

888 2133 962 2200 235.

669 2297 822 2359 Carolus
845 2297 885 2357 V.
908 2296 1080 2358 Clementi
1103 2297 1177 2356 v11.

750 2407 837 2494 (litt.
852 2407 947 2492 prino.
963 2407 1003 2472 Π.
1020 2405 1109 2491 396).

787 2522 853 2610 (18.
868 2523 940 2589 Deo.
960 2521 1067 2608 1524).

392 2683 575 2750 Beatissimo
598 2684 684 2768 pater
707 2685 762 2750 ete.
793 2683 975 2750 Venientem
998 2683 1035 2748 ad
1060 2701 1114 2748 nos
1131 2684 1333 2750 uenerabilem
1350 2684 1552 2768 arehiepisco-

302 2819 376 2884 pum
399 2802 576 2884 Capuanum
599 2819 633 2865 oo
656 2799 759 2866 auimo
788 2801 878 2885 atque
901 2800 1057 2866 voluntate
1087 2799 1259 2882 eroopimus
1282 2819 1342 2884 qua
1364 2799 1474 2866 merito
1497 2799 1551 2867 do-

303 2916 449 2981 bebamus
480 2917 601 2982 tantum
631 2915 731 2981 rirnm
754 2916 786 2981 et
807 2935 825 2981 a
850 2935 872 2980 s.
896 2935 924 2980 v.
947 2913 984 2980 de
1013 2914 1110 2980 tantis
1140 2916 1230 2982 rebus
1261 2915 1299 2982 ad
1322 2933 1377 2982 nos
1406 2915 1552 2993 missum

303 3050 437 3116 quaeque
459 3031 539 3097 inter
561 3050 617 3099 nos
640 3030 751 3097 oollata
774 3033 854 3111 sunt,
877 3030 1021 3116 qnoniam
1043 3030 1182 3115 pluribus
1205 3050 1239 3098 er
1262 3031 1369 3098 eodem
1391 3031 1551 3115 intelliget

304 3146 371 3212 ideo
393 3165 454 3213 non
477 3147 591 3212 erimus
614 3147 663 3212 his
686 3145 799 3212 nostris
822 3145 1006 3230 prolixiores.
1048 3145 1177 3212 Interim
1199 3148 1302 3212 autem
1326 3147 1399 3213 dum
1422 3146 1460 3214 de
1482 3165 1553 3231 paee

305 3265 359 3328 aut
381 3261 512 3329 induciis
528 3262 631 3348 agitur
653 3281 711 3347 quo
726 3281 786 3328 non
809 3281 844 3329 ox
858 3263 963 3336 nostro
986 3263 1108 3328 tanturm
1130 3279 1279 3329 eonsensu
1294 3262 1472 3347 dependent,
1495 3261 1551 3328 du-

305 3379 433 3462 biusque
448 3377 547 3444 adhue
561 3379 684 3445 illorum
708 3378 750 3444 sit
763 3379 870 3456 exitus,
893 3396 989 3462 neque
1004 3377 1080 3444 eerti
1094 3395 1160 3442 esse
1175 3377 1329 3461 possimus
1345 3396 1385 3444 an
1398 3378 1553 3463 utriusque

306 3495 445 3561 nostrum
461 3494 570 3560 offieiis
593 3496 632 3560 ab
655 3494 725 3560 aliis
740 3493 970 3579 respondeatur:
996 3512 1057 3560 non
1080 3493 1219 3560 ridentur
1242 3495 1410 3577 spernenda
1431 3495 1553 3561 interim

306 3630 341 3677 ea
364 3629 422 3694 que
444 3609 483 3676 ad
505 3629 697 3677 communem
719 3610 979 3676 oonserrationem
1001 3609 1168 3694 pertinent:
1191 3627 1245 3692 pro
1268 3628 1327 3693 qua
1350 3611 1499 3696 qnantum
1516 3609 1553 3676 ad

306 3746 362 3793 nos
384 3725 497 3793 attinet
519 3726 598 3792 nihil
620 3725 845 3810 pretermissuri
868 3745 983 3806 sumus,
1007 3724 1163 3809 sperantes
1179 3743 1202 3790 s.
1218 3743 1245 3791 v.
1269 3743 1329 3792 non
1344 3725 1448 3791 minus
1462 3725 1554 3792 etiarn

307 3841 463 3908 communi
492 3841 586 3908 saluti
614 3842 838 3918 consulturam3
868 3843 957 3926 prout
987 3840 1082 3907 etiam
1112 3838 1236 3906 uberius
1259 3858 1278 3904 a
1300 3840 1413 3907 uostris
1442 3841 1555 3908 ibidem

307 3957 470 4042 agentibus
493 3977 520 4022 v.
544 3975 567 4022 s.
591 3956 754 4040 intelliget,
786 3957 896 4041 quibus
920 3955 1014 4022 edam
1044 3955 1192 4021 nonnulla
1221 3955 1283 4021 alia
1306 3976 1329 4022 s.
1353 3974 1380 4022 v.
1403 3955 1556 4023 referenda

308 4072 544 4139 commissimus.
581 4072 697 4138 Datum
720 4091 755 4137 er
778 4070 887 4156 oppido
910 4071 1014 4136 nostro
1029 4069 1170 4137 Madritti
1193 4069 1241 4135 die
1264 4071 1345 4136 xviii
1361 4070 1478 4137 mensis
1492 4071 1554 4137 De·

308 4186 447 4254 cambris.
492 4188 581 4253 Anno
609 4187 741 4253 Domino
771 4185 894 4252 nrdrriv
923 4204 1084 4270 regnorum
1112 4187 1286 4254 nostrorum
1315 4186 1446 4252 Romani
1476 4187 1557 4254 serto

308 4304 438 4370 aliorum
461 4320 530 4369 varo
554 4321 640 4370 nono.

398 4416 523 4486 Carolus
547 4420 601 4486 ete.
