3400 5088
698 375 943 443 -151-

190 577 351 662 expositos.
397 573 457 658 Qui
479 595 549 642 cum
571 593 590 640 a
612 575 700 642 nobis
722 574 810 640 tanto
825 573 897 640 ante
919 572 1128 651 monebantur,
1151 573 1186 636 ut
1201 571 1282 636 hunc
1304 571 1445 635 caverent

190 694 313 772 exitum,
337 713 411 760 neve
432 693 616 759 lutheranis
643 692 832 759 novitatibus
862 689 1100 769 obsecundando,
1128 690 1250 755 tantam
1278 688 1443 772 perniciem

191 813 221 877 st
242 813 362 896 pestem
385 809 509 890 alerent
533 827 626 893 quam
648 809 681 874 in
704 811 840 894 ipsorum
862 808 961 892 primo
985 808 1076 891 caput
1098 805 1356 872 denuntiabamus
1371 823 1441 870 cru·

188 929 320 1012 pturam,
343 925 457 1010 partim
481 928 659 1011 spreverunt
675 926 821 992 salutaria
844 924 972 991 consilia
994 925 1107 1001 nostra,
1130 923 1244 1007 partim
1259 942 1320 989 non
1342 911 1440 989 credi·

188 1042 305 1123 derunt,
329 1044 461 1128 exceptis
490 1042 695 1128 paucissimis,
725 1043 777 1126 qui
806 1043 838 1108 ct
862 1042 974 1108 uirtute
996 1042 1028 1106 et
1057 1040 1218 1124 prudentia
1240 1039 1360 1123 prediti,
1383 1040 1440 1105 ob·

188 1161 295 1226 sistere
318 1161 419 1250 conati
442 1160 522 1238 sunt,
544 1159 599 1225 tua
621 1160 716 1225 nob.te
744 1159 777 1224 in
799 1158 909 1242 primis
930 1159 1054 1224 auctora
1076 1158 1108 1222 ot
1130 1156 1212 1235 duce,
1233 1133 1285 1222 cui
1307 1175 1361 1240 pro
1384 1156 1441 1221 hoc

185 1276 410 1361 preclarissimo
430 1275 541 1354 animo,
564 1273 668 1341 omnis
681 1275 814 1359 profecto
830 1274 937 1340 debers
958 1293 1014 1340 nos
1029 1273 1214 1358 profitemur.
1259 1271 1330 1337 Tibi
1343 1271 1441 1356 igitur

185 1393 252 1474 tibi,
276 1394 307 1460 et
329 1394 369 1460 iis
392 1394 444 1477 qui
466 1393 567 1459 tecum
591 1391 701 1479 cadem*
718 1392 866 1476 religiono
888 1410 923 1456 ac
944 1391 1058 1475 pietate
1072 1409 1145 1474 erga
1168 1409 1323 1456 summum
1338 1389 1439 1456 Deum

185 1507 224 1575 ad
240 1509 459 1576 succurendum
481 1509 621 1592 pereunti
643 1508 759 1593 patriae
782 1527 854 1573 suae
876 1507 993 1573 incensi
1016 1508 1096 1584 sunt,
1119 1525 1155 1572 ea
1177 1525 1253 1591 quae
1275 1525 1438 1590 possumus

183 1625 314 1692 libenter
344 1625 539 1709 impartimus
569 1624 690 1704 auxilia
719 1623 852 1708 amplius
882 1623 976 1689 etiam
1005 1623 1169 1706 cupientes,
1200 1621 1253 1687 sod
1275 1621 1437 1688 facultates

183 1741 280 1807 amori
308 1759 396 1824 pares
418 1759 480 1806 non
504 1741 585 1807 sunt.
630 1738 696 1806 Nec
719 1739 903 1805 desistemus
926 1738 1004 1804 inire
1026 1738 1142 1822 aliquid
1164 1737 1285 1805 consilii
1318 1757 1386 1822 quo,
1410 1737 1438 1804 si

181 1859 216 1925 tu
238 1859 270 1924 et
291 1857 401 1942 reliqui
429 1857 582 1942 principes
606 1854 788 1923 Germaniae
817 1857 953 1921 vestram
983 1853 1167 1940 dignitatem
1190 1855 1221 1920 et
1243 1853 1276 1920 in
1299 1854 1436 1921 ecclesiis

180 1973 378 2040 restituendis
401 1973 499 2039 divini
521 1973 657 2039 nominis
679 1973 826 2039 honorem
849 1972 888 2039 ab
911 1971 994 2038 omni
1017 1973 1086 2037 labe
1116 1973 1207 2054 atque
1228 1969 1341 2036 iniuria
1354 1959 1433 2035 'vin-

181 2089 370 2167 dicassrstis,
399 2088 571 2175 impiaeque
599 2089 763 2168 novitatis,
793 2090 825 2155 et
853 2088 986 2155 inauditi
1008 2088 1085 2153 alias
1115 2087 1238 2153 sceleris
1259 2085 1434 2154 incendium

180 2205 390 2285 restinxeritis,
413 2205 547 2292 gratiam
562 2207 649 2272 vobis
664 2205 801 2290 aliquam
824 2206 936 2272 referat
957 2205 1093 2283 ecclesis,
1116 2222 1300 2289 onernmque
1314 2207 1432 2271 vestro·

179 2343 248 2388 rum
270 2324 302 2388 ct
324 2324 513 2407 sumptuum,
543 2341 620 2406 quae
643 2323 801 2407 propterea
825 2321 989 2400 subieritis,
1019 2323 1138 2405 partem
1160 2340 1222 2387 non
1250 2321 1434 2388 mediocrem

178 2437 317 2516 srrfferat3
340 2439 400 2505 etsi
422 2440 453 2504 te
476 2440 649 2505 currentem
665 2439 771 2522 sponte
794 2439 848 2504 tua
871 2438 985 2504 scimus
1008 2457 1063 2504 nos
1085 2437 1222 2518 incitare,
1252 2437 1326 2521 quid
1348 2437 1431 2504 enim

176 2555 230 2620 tua
257 2554 380 2639 pietate
408 2555 463 2620 tua
485 2554 659 2620 constantia
684 2573 719 2621 ac
748 2555 927 2640 integritate
951 2554 1085 2621 clarius?
1115 2573 1150 2620 sc
1172 2554 1279 2640 gravia
1308 2553 1430 2638 quidem

176 2671 248 2736 sunt
278 2689 355 2754 qnae
377 2672 407 2736 te
430 2671 558 2756 cingumt
580 2671 722 2755 pericula,
753 2671 935 2757 sed-{eadem
964 2671 1095 2756 gloriam
1118 2671 1176 2736 tibi
1205 2689 1274 2736 eam
1302 2671 1428 2738 benivo-
1452 2722 1455 2729 .

174 2785 361 2871 lentiamque
383 2787 515 2870 pariunt
545 2787 630 2853 cuius
653 2787 771 2854 innotus
794 2789 866 2854 ate
894 2788 1077 2872 percipietur
1107 2789 1317 2871 sempiternus.
1363 2787 1429 2856 Nos

173 2902 236 2968 tuis
257 2901 371 2968 litteris
394 2902 483 2970 lectis
506 2901 544 2969 ed
566 2903 605 2969 ad
628 2903 858 2970 serenissimum
873 2904 1001 2970 fratrem
1022 2906 1111 2970 tuum
1134 2905 1264 2971 scribere
1286 2904 1427 2971 institui·

172 3037 242 3083 mus
264 3019 296 3084 ct
317 3038 387 3084 cum
410 3019 455 3084 eis
478 3019 649 3104 principum
679 3021 849 3087 oratoribus
873 3021 925 3104 qui
948 3019 1028 3105 apud
1059 3040 1115 3087 nos
1139 3022 1211 3087 sunt
1233 3022 1426 3088 vehementer

171 3133 301 3217 egimus,
325 3135 360 3200 ut
374 3153 428 3219 pro
445 3153 500 3200 sua
522 3136 608 3218 parte
622 3136 817 3203 hortarentur
839 3156 918 3216 suos,
941 3138 976 3203 ut
990 3137 1030 3203 ad
1052 3139 1127 3203 hacc
1141 3135 1270 3204 arcenda
1291 3137 1425 3221 pericula

171 3249 248 3315 ferre
264 3250 437 3316 subsidium
452 3251 557 3330 velint
579 3251 613 3316 in
635 3271 693 3336 quo
717 3252 851 3318 maxima
873 3254 922 3318 est
937 3251 1075 3320 Caesaris
1097 3253 1270 3334 auctoritas,
1293 3253 1423 3321 facultas

170 3367 273 3432 autem
297 3366 435 3432 omnium
458 3368 489 3433 et
511 3367 653 3434 voluntas
676 3370 758 3435 esset
779 3369 885 3449 maior,
909 3369 936 3434 si
959 3369 1108 3454 quomodo
1130 3371 1184 3436 ant
1199 3370 1338 3455 componi
1360 3371 1422 3438 fida

167 3501 234 3566 par,
258 3483 311 3548 aut
333 3481 463 3549 induciis
486 3483 572 3568 quies
595 3483 661 3550 dari
683 3484 806 3550 afflictis
829 3487 860 3551 ct
882 3484 1094 3552 dubitantibus
1117 3487 1237 3572 populis
1259 3487 1366 3572 possit,
1389 3486 1421 3554 in

168 3617 227 3682 qua
249 3617 322 3682 paca
346 3597 499 3665 suadenda
521 3600 591 3667 tuae
613 3600 772 3685 praecipue
795 3621 862 3668 csse
876 3600 989 3668 debent
1011 3604 1121 3686 partes.
1166 3602 1249 3669 lllud
1271 3606 1302 3670 et
1324 3603 1420 3670 volle-

168 3733 237 3780 mus
259 3715 291 3780 et
314 3715 502 3781 consulimus
525 3715 593 3795 tibi,
615 3719 651 3782 ut
673 3717 738 3783 eius
768 3717 916 3784 exercitus
938 3717 1066 3784 fraterm
1088 3719 1141 3803 qui
1163 3718 1238 3785 locis
1260 3720 1323 3786 tuis
1345 3739 1417 3805 pro·

165 3829 296 3914 pinquus
328 3831 375 3896 est
404 3849 494 3914 opera
523 3833 554 3898 et
583 3831 695 3898 auxilio
724 3835 759 3898 ut
787 3833 822 3899 in
850 3834 1112 3916 tantumnodo,
1142 3854 1212 3902 cum
1242 3855 1361 3920 semper
1390 3838 1418 3905 ci

163 3943 301 4028 periculo.
326 3945 406 4030 quod
433 3965 577 4031 praesens
601 3947 733 4014 manime
762 3951 810 4014 ost
840 3949 1079 4017 subveniendum
1104 3951 1154 4030 sit
1183 3953 1214 4018 et
1236 3971 1342 4018 omncs
1364 3952 1416 4019 in·

162 4061 314 4128 tellecturi
338 4061 401 4128 sint
418 4062 536 4129 nob.tuln
559 4064 645 4128 tuam
661 4083 728 4129 vere
752 4067 842 4148 atquc
864 4085 900 4132 en
922 4066 1025 4133 animo
1048 4067 1087 4133 ad
1102 4067 1338 4134 succurrendum
1359 4089 1414 4154 po-

162 4177 267 4243 riculis
290 4179 502 4244 communibus
524 4179 619 4246 totius
643 4177 825 4254 Germaniae
847 4180 999 4249 intentam
1021 4185 1053 4249 et
1074 4185 1214 4269 paratam
1237 4203 1311 4266 esse,
1335 4184 1415 4253 sicut

160 4293 255 4362 latius
278 4295 380 4361 tecm
402 4293 532 4361 ddectus
554 4295 637 4361 filius
652 4295 856 4382 Hieronymus
872 4298 1018 4366 Borarius
1039 4300 1168 4368 nuncius
1191 4302 1295 4366 noster
1308 4301 1412 4367 nostro

160 4409 283 4476 nomine
299 4410 378 4494 aget,
401 4409 451 4476 cui
473 4410 580 4477 nobas
595 4412 648 4476 tua
671 4410 763 4477 fidem
778 4432 899 4479 omnem
922 4413 1056 4480 habebit
1093 4413 1209 4482 Datum
1225 4415 1339 4482 Romae
1354 4415 1409 4482 etc.

158 4523 234 4592 uin
258 4525 335 4593 Maii
356 4513 474 4594 mdurrr.
519 4527 608 4594 Anno
632 4526 769 4594 secundo.
