3380 5088
739 387 983 458 -298-

235 582 267 650 ot
280 582 370 651 inane
385 583 528 670 quiequid
543 603 628 652 secus
645 586 810 671 superbiis
825 606 843 654 a
858 606 1009 672 quoquam
1032 587 1140 673 quavis
1154 587 1333 656 auctoritate
1356 587 1486 656 scienter

235 701 284 767 vel
306 701 483 786 ignoranter
499 701 689 786 contingerat
711 704 896 788 attemptari,
919 706 1009 790 prout
1030 705 1063 772 in
1078 705 1192 772 nostris
1215 705 1346 790 singulis
1369 704 1484 772 endem

236 818 348 884 litteris
370 819 492 903 plenius
523 818 702 886 continetur.
747 821 787 886 ut
810 820 882 886 licet
904 823 1025 905 propter
1046 821 1287 906 persecutionem
1309 821 1425 888 ebdom
1447 820 1485 887 de

235 935 388 1002 Mulvioiis
410 954 465 1019 per
478 955 582 1002 eorum
597 936 785 1002 adversarios
800 937 958 1004 retroactis
980 937 1168 1021 temporibus
1182 937 1288 1015 facus,
1311 957 1346 1004 uc
1361 937 1484 1004 erilium

236 1051 394 1132 indictum,
422 1053 483 1137 ipsi
505 1052 641 1119 fornaces
662 1055 859 1121 manutenere
881 1057 912 1120 et
934 1054 1015 1120 vitra
1043 1053 1218 1120 huiusmodi
1247 1053 1397 1120 fabncare
1425 1052 1484 1118 ali·

236 1168 369 1253 quandiu
399 1171 600 1250 messuerunt
630 1172 662 1236 et
683 1171 878 1254 postmodum
907 1169 1007 1236 dictus
1034 1168 1253 1236 Nasoontorius
1282 1169 1315 1236 in
1344 1169 1484 1235 domibus

236 1286 446 1365 conducendis,
470 1289 501 1352 et
523 1287 697 1353 fornacibus
720 1287 873 1371 salignis
896 1305 949 1370 pro
978 1285 1153 1352 huiusmodi
1183 1285 1405 1352 constructione
1426 1303 1484 1369 pa·

151 1462 162 1482 ,
236 1403 340 1471 undis
371 1421 500 1488 magnas
530 1422 675 1487 expensas
711 1403 830 1481 locent,
860 1422 895 1468 ao
931 1403 1088 1488 propterea
1117 1402 1270 1469 concessio
1303 1401 1419 1468 eisdem
1449 1399 1487 1467 de

236 1520 390 1587 Malviciis
412 1520 502 1600 facta
524 1521 556 1586 ot
577 1519 740 1586 laurentio
762 1521 794 1586 at
816 1517 938 1586 &esau
966 1519 1016 1585 ius
1038 1520 1211 1603 compotens
1241 1518 1397 1584 sublatum
1419 1533 1486 1582 esse

236 1653 298 1704 non
320 1636 473 1726 vidputur:
496 1635 714 1703 nichilominus
736 1636 873 1721 prefatus
897 1634 1116 1703 Nascentoriua
1138 1633 1289 1700 dictarum
1312 1633 1487 1699 nostrumne

234 1752 408 1820 litterarum
430 1754 567 1837 pretextu
596 1752 679 1836 ipsos
701 1752 900 1819 laurentium
923 1754 955 1818 et
976 1749 1136 1818 Cmsurem
1167 1769 1256 1834 super
1277 1749 1343 1815 iure
1365 1747 1404 1814 ad
1425 1765 1486 1826 eos,

236 1871 272 1934 ut
293 1869 451 1954 prefertur,
475 1869 630 1953 spectante
653 1887 685 1935 se
708 1868 741 1934 in
764 1887 799 1935 eo
821 1866 1054 1934 intromittendo
1075 1884 1182 1933 verare
1204 1867 1236 1932 et
1257 1865 1429 1944 molestare,
1451 1881 1487 1928 ac

235 1985 345 2052 litibus
367 1985 520 2052 involvere
542 1985 700 2070 presumit.
739 1981 839 2064 Quare
854 2002 907 2067 pro
929 1985 1015 2068 parte
1031 1981 1187 2050 Laurentii
1209 1983 1240 2048 et
1255 1979 1393 2046 Caesaris
1414 1997 1485 2063 pro·

237 2101 388 2168 dictorum
411 2100 613 2168 asserentium
637 2119 670 2167 se
688 2099 841 2167 Johennie
864 2100 896 2166 et
918 2099 1048 2166 fratrum
1063 2098 1267 2182 predictorum
1291 2113 1486 2174 successores,

239 2236 329 2301 ecque
359 2217 478 2283 civitmi
499 2220 531 2284 et
559 2217 727 2284 tenimento
756 2215 900 2300 predictis
920 2215 957 2284 de
985 2214 1162 2282 huiusmodi
1184 2213 1273 2280 vitris
1303 2211 1488 2278 sufficienter

238 2333 396 2418 providere
409 2335 532 2417 paratos
547 2333 619 2412 fora
641 2351 757 2400 necnon
771 2332 891 2399 litteras
906 2333 1027 2409 uestras
1042 2330 1194 2416 predictus
1215 2329 1249 2395 in
1265 2328 1314 2395 sui
1335 2326 1485 2395 notorium

238 2448 438 2534 preiudicium
461 2467 628 2528 emanasse,
652 2448 739 2516 nobis
754 2448 814 2516 icit
828 2447 987 2516 humiliter
1010 2446 1222 2531 supplicatum,
1246 2445 1280 2510 ut
1302 2443 1346 2510 eis
1368 2443 1401 2510 iu
1416 2461 1486 2528 pra·

238 2564 345 2632 missis
366 2565 512 2649 oportune
533 2563 689 2649 prouidere
712 2563 749 2632 de
771 2563 962 2649 benignitate
984 2562 1150 2647 apostolica
1173 2560 1376 2646 dignaremur.
1421 2557 1487 2625 Nos

167 2753 169 2756 ,
237 2679 333 2766 igitur
347 2679 547 2758 attendentes,
570 2681 650 2765 quod
664 2684 799 2766 tompore
821 2679 1023 2748 concessionis
1039 2677 1189 2746 diturum
1205 2677 1379 2744 nostrarum
1400 2674 1487 2741 litte·

238 2815 341 2862 rarum
364 2796 402 2863 de
424 2797 543 2864 decreto
565 2799 597 2863 ot
618 2798 814 2868 concessione
837 2795 968 2863 sedecim
991 2795 1133 2872 anonim,
1163 2811 1199 2860 uc
1220 2791 1334 2859 litteus
1357 2789 1436 2858 Sirti
1458 2791 1489 2857 ot

238 2913 348 2979 Ieoms
371 2911 624 2996 predecessorum,
647 2912 822 2980 huiusmodi
843 2911 989 2979 noticiam
1012 2929 1072 2978 non
1099 2909 1271 2988 habuimus,
1300 2907 1439 2992 quodque
1461 2905 1488 2972 si

238 3028 293 3093 illa
315 3028 348 3094 iu
371 3029 517 3112 petitione
540 3027 733 3096 Nascentorii
762 3027 936 3095 huiusmodi
958 3045 1099 3111 expressa
1121 3024 1261 3104 fuissent,
1291 3042 1346 3090 nos
1368 2999 1488 3088 litteras

238 3145 360 3210 nostras
381 3143 558 3210 huiusmodi
586 3144 668 3212 dioto
690 3143 891 3210 Nascentorio
913 3162 974 3210 non
1003 3141 1266 3219 concessissemus,
1296 3137 1488 3204 accolentes

239 3258 402 3326 eorundem
434 3259 591 3326 Laurentii
622 3261 654 3326 et
685 3258 823 3325 Quaene
855 3258 951 3344 quieti
979 3260 1011 3325 et
1041 3255 1295 3324 indemnitatibus
1325 3254 1488 3332 consulere,

239 3376 380 3460 ipsosque
409 3375 606 3442 Laurentium
637 3377 668 3442 et
698 3373 857 3442 Gaesarem
887 3394 923 3441 ao
952 3394 1056 3442 eorum
1085 3372 1253 3457 quemlibet
1283 3390 1302 3436 a
1331 3367 1489 3454 quibusvis

239 3489 566 3569 excommunicationis,
589 3492 798 3574 suspensionis
813 3493 845 3557 et
858 3491 1022 3568 interdicti,
1044 3489 1173 3574 aliisque
1188 3483 1402 3554 ecclesiasticis
1417 3503 1489 3550 sen-

239 3607 354 3684 tentiis,
384 3607 520 3674 censuris
543 3609 574 3674 et
604 3607 691 3690 penis
714 3625 733 3673 a
754 3607 819 3673 iure
842 3608 890 3673 val
913 3607 952 3672 ab
981 3603 1105 3673 homine
1133 3602 1240 3686 quavis
1263 3600 1419 3668 occasione
1442 3600 1490 3666 vel

240 3741 331 3789 musa
353 3721 435 3800 latia
459 3721 611 3806 siquibus
635 3722 863 3807 quomodolibet
878 3721 1016 3788 innodati
1038 3719 1180 3797 existant
1203 3718 1241 3784 ad
1257 3716 1395 3784 effectum
1418 3733 1488 3798 pru·

240 3837 373 3905 sontium
395 3837 555 3904 dumtaxat
569 3837 811 3922 consequendum
835 3838 943 3904 horum
966 3837 1042 3903 serie
1058 3835 1259 3912 absolventes,
1281 3834 1313 3898 et
1334 3831 1490 3898 absolutos

240 3954 303 4020 fore
325 3954 490 4031 densantes,
514 3953 670 4020 Laurentii
691 3957 723 4021 et
738 3952 876 4020 Caesena
900 3950 1173 4038 supplicationibus
1196 3947 1346 4026 inclinati,
1368 3945 1490 4011 nouas

240 4070 361 4136 nostras
383 4066 544 4153 predictas,
567 4089 602 4134 ac
617 4069 720 4142 omnia
742 4070 773 4135 at
795 4068 919 4154 singula
941 4087 995 4152 per
1016 4086 1068 4133 eas
1083 4083 1224 4132 concessa
1247 4065 1279 4130 et
1301 4060 1393 4129 ineis
1416 4077 1488 4126 oon·

240 4186 326 4252 butu
354 4183 533 4252 auctoritato
563 4184 729 4269 apostolica
758 4185 789 4250 et
815 4204 850 4250 ex
880 4185 984 4251 nostru
1014 4180 1142 4250 scientia
1171 4183 1274 4247 tenore
1303 4173 1490 4262 presentium

241 4319 407 4379 cessamus,
430 4297 597 4380 irritamus,
620 4317 795 4366 revocamus
818 4300 849 4364 et
871 4296 1075 4376 annullamus,
1106 4315 1141 4362 uc
1164 4295 1279 4362 nubius
1302 4289 1418 4358 roboris
1441 4288 1490 4355 rel

241 4413 390 4482 momenti
419 4414 514 4482 fuisse
543 4416 575 4481 et
596 4433 672 4492 osse,
701 4415 733 4481 et
761 4413 886 4497 perinde
915 4412 1023 4483 haberi
1050 4431 1086 4480 aa
1108 4410 1136 4478 ai
1164 4428 1320 4494 nunquam
1349 4422 1491 4472 concessa

242 4530 386 4609 fuissent,
415 4529 620 4610 decemimus,
651 4548 766 4596 necnon
794 4527 915 4595 litterae
945 4526 1024 4596 sixti
1052 4531 1084 4596 et
1106 4526 1215 4596 Leonis
1245 4522 1490 4610 predecessorum
