3380 5088
794 373 1037 442 -296-

287 576 404 662 inuidia
426 575 510 643 ducti
532 594 550 640 a
572 573 661 641 nobis
684 592 737 639 ssu
765 572 868 658 legato
890 571 939 638 vel
961 569 1032 637 aliis
1054 567 1237 635 officialibus
1267 567 1348 634 sedis
1372 564 1538 651 apostolice

287 694 322 760 in
341 692 423 759 dicte
437 692 561 758 civitate
583 691 719 757 obtinere
740 690 874 773 possent
897 690 928 755 et
950 687 1053 754 forsan
1075 705 1178 753 eorum
1202 683 1432 768 importunitate
1454 681 1537 747 obti-

288 810 425 888 nuerant,
448 827 486 874 ne
502 807 613 891 aliquis
628 809 729 891 preter
751 825 802 872 eos
826 807 924 872 artem
938 805 1087 871 vitrorum
1110 801 1286 868 huiusmodi
1306 801 1341 867 in
1362 799 1445 866 dicta
1458 797 1537 864 civi-

288 926 352 991 tate
374 925 424 991 vel
446 923 511 990 eius
533 923 685 990 territorio
708 941 842 989 exercere
857 922 962 1006 posset
983 921 1017 986 in
1039 919 1209 985 maximum
1231 916 1329 1001 ipsius
1344 912 1538 982 Nascantorii

287 1039 488 1125 preiudicium
511 1041 543 1106 et
570 1057 745 1124 gravamen,
774 1057 845 1104 cunr
873 1038 939 1123 ipse
960 1055 1015 1121 pro
1037 1034 1177 1102 exercitio
1200 1031 1376 1100 huiusmodi
1398 1030 1537 1098 officina·

288 1177 358 1223 mm
380 1159 411 1223 et
433 1175 506 1222 vasa
529 1176 564 1222 ac
586 1157 800 1236 instrumenta,
829 1154 916 1240 ligna
938 1157 970 1222 et
993 1154 1054 1220 alia
1076 1153 1115 1219 ad
1137 1151 1170 1218 id
1193 1148 1363 1218 necessaria
1393 1146 1538 1212 maximis

288 1276 462 1361 sumptibus
477 1273 691 1359 amputasset,
714 1274 745 1339 ot
759 1271 912 1357 operarios
925 1270 1058 1356 ydoneos
1073 1270 1176 1336 forsan
1198 1287 1234 1333 ex
1247 1263 1424 1352 longinquis
1437 1261 1536 1346 purti-

288 1393 346 1459 bus
368 1390 569 1471 conduxisset,
598 1408 633 1456 ac
660 1408 714 1474 pro
736 1390 823 1473 parte
844 1388 942 1474 ipsius
964 1385 1159 1454 Nascentorii
1187 1382 1351 1452 asserentis
1380 1399 1414 1446 se
1442 1377 1538 1444 aliam

288 1509 386 1575 artem
416 1525 571 1592 uunquam
602 1505 769 1572 exercuisse
805 1506 836 1571 et
864 1507 938 1571 tuno
966 1505 1087 1572 nullum
1120 1503 1152 1569 in
1181 1502 1264 1569 dicte
1291 1499 1416 1567 civitate
1437 1495 1538 1580 preter

287 1624 390 1708 ipsum
412 1622 647 1689 Nascentorium
670 1623 769 1688 artem
790 1621 939 1687 vitrorum
961 1620 1137 1687 huiusmodi
1158 1637 1302 1698 exercere,
1324 1615 1413 1684 nobis
1430 1609 1535 1678 humi-

286 1740 358 1806 liter
380 1740 559 1825 supplicato,
587 1739 623 1805 ut
644 1758 683 1804 ne
705 1737 895 1822 contingeret
917 1757 988 1806 eum
1017 1758 1051 1804 er
1074 1736 1223 1806 laudabili
1252 1752 1340 1820 opere
1361 1726 1537 1800 huiusmodi

287 1857 318 1924 et
341 1875 395 1921 sua
417 1855 569 1922 industria
591 1855 711 1921 tanam
739 1854 887 1921 iacturam
909 1854 983 1939 pati,
1011 1853 1209 1922 indemnitati
1231 1872 1284 1918 sue
1312 1851 1468 1937 providere
1486 1848 1535 1916 di·

287 1990 466 2057 gnaremur3
488 1991 544 2038 nos
566 1973 641 2037 tuno
667 1969 844 2037 huiusmodi
866 1970 1138 2056 supplicationibus
1160 1969 1309 2048 inclinati,
1340 1969 1400 2036 eibi
1421 1987 1457 2035 ac
1478 1968 1535 2034 he·

285 2087 408 2154 rudibus
425 2087 489 2153 suis
504 2087 728 2172 imperpetuum
743 2106 797 2170 per
811 2086 888 2153 aliae
903 2089 1024 2154 nocuas
1046 2087 1175 2166 litterae,
1197 2086 1232 2152 ut
1248 2087 1347 2151 artem
1361 2083 1536 2151 huiusmodi

285 2205 362 2270 mue
384 2205 416 2269 et
436 2202 641 2281 laudabiliter,
663 2204 754 2287 prout
776 2205 901 2270 sumnus
923 2206 1127 2284 consueverat,
1150 2222 1285 2270 exercere
1307 2202 1337 2269 et
1360 2201 1536 2268 continuare

284 2319 379 2385 libere
396 2319 428 2385 et
441 2317 534 2397 licite,
558 2337 593 2383 ac
616 2318 681 2384 sino
696 2319 826 2385 alicuius
848 2338 925 2403 pene
938 2320 1062 2386 incursu
1078 2320 1199 2400 valeret,
1222 2319 1344 2403 plenam
1360 2319 1392 2384 et
1406 2316 1535 2384 liberam

285 2417 468 2501 auctoritate
491 2433 656 2518 apostolica
678 2434 837 2502 licentium
859 2435 1065 2502 concessimus
1087 2437 1119 2501 et
1132 2435 1319 2514 facmtatem,
1342 2433 1536 2500 decernentes

283 2551 387 2634 ipsum
401 2550 637 2617 Nascentorium
661 2569 751 2636 super
765 2551 905 2618 exercitio
926 2551 1111 2632 huiusmodi,
1125 2552 1263 2636 pretextu
1278 2567 1536 2635 quarumcumque

284 2667 513 2734 concessionum
528 2665 687 2751 quibusvis
702 2667 849 2752 personis,
872 2667 1087 2752 cuiuscumque
1102 2666 1273 2752 dignitatis,
1297 2667 1406 2744 status,
1422 2663 1535 2750 gradus

284 2783 315 2848 et
337 2781 519 2848 conditionis
541 2783 713 2862 existerent
743 2785 775 2848 st
796 2802 832 2849 er
859 2783 1017 2867 quibusvis
1047 2783 1147 2849 causis
1176 2784 1327 2850 factarum
1357 2783 1482 2848 eabnus
1504 2781 1536 2846 et

282 2899 483 2982 imposterum
498 2897 714 2978 faciendarum,
737 2900 791 2964 aut
805 2899 883 2964 alias
906 2896 1018 2965 directe
1041 2900 1089 2965 vel
1111 2898 1257 2966 indirecta
1272 2898 1321 2964 vel
1336 2896 1442 2982 quovis
1457 2914 1532 2980 que·
1673 2977 1674 2992 χ

283 3014 342 3080 sito
366 3015 463 3080 colore
487 3013 652 3094 molestari,
681 3014 800 3081 turbari
822 3016 871 3082 rel
893 3014 1061 3100 inquietari
1089 3033 1150 3081 non
1172 3033 1269 3099 posse,
1300 3033 1336 3080 cc
1356 3013 1480 3079 irritum
1503 3013 1534 3078 et

282 3131 373 3196 inane
396 3130 424 3196 si
453 3149 539 3196 secus
562 3147 652 3213 super
674 3129 736 3196 hiis
759 3149 778 3195 a
803 3149 956 3215 quoquam
986 3131 1093 3215 quavis
1115 3130 1296 3198 sucmmtate
1325 3129 1455 3197 scienter
1485 3128 1533 3195 vel

281 3247 459 3330 ignoranter
487 3245 679 3330 contingeret
708 3246 894 3331 attemptari.
941 3245 1018 3312 dorm
1041 3248 1153 3326 autem,
1184 3247 1264 3313 siout
1286 3246 1422 3313 exhibita
1443 3243 1532 3311 nobis

281 3379 378 3444 nuper
399 3379 453 3444 pro
475 3362 561 3445 parte
584 3361 764 3428 dilectorum
793 3361 929 3429 tiliorum
951 3362 1109 3430 laurentii
1131 3362 1268 3429 Malvicii
1290 3362 1327 3428 de
1350 3360 1478 3428 Medicis
1500 3361 1532 3426 et

281 3475 420 3542 Caesaris
443 3476 480 3542 de
502 3475 655 3543 Malviciis
685 3477 780 3543 etiam
809 3477 922 3543 civium
945 3477 1184 3545 Bononiensium
1212 3478 1320 3563 petitio
1348 3477 1532 3557 continebat,
1673 3505 1674 3510 ¹

280 3591 358 3658 alias
381 3591 479 3660 felicis
501 3591 717 3659 recordationis
741 3591 825 3659 Sixto
848 3611 925 3676 pepo
944 3593 997 3660 IV.
1017 3594 1220 3679 predecessori
1243 3597 1346 3662 nostro
1369 3613 1423 3679 pro
1445 3595 1532 3678 parte

280 3707 432 3792 quondam
454 3707 606 3774 Jchannis
627 3689 664 3774 de
687 3707 840 3774 Mulviciis
863 3726 899 3775 ac
927 3707 1058 3775 fratrum
1081 3729 1204 3776 suorum
1228 3710 1340 3777 ciuium
1356 3709 1530 3777 Bononien·
1673 3713 1674 3740 ¹

280 3823 361 3889 sium
383 3823 457 3890 tunc
477 3823 511 3889 in
532 3824 676 3890 humanis
691 3824 850 3909 agentium
871 3825 1015 3909 exposita
1038 3824 1117 3910 quod
1140 3844 1175 3892 er
1196 3827 1293 3892 veteri
1314 3826 1531 3893 consuetudins
1673 3817 1674 3852 ³

279 3938 313 4004 in
334 3937 417 4004 dicte
445 3937 569 4007 civitate
597 3939 792 4007 observatum
818 3943 892 4021 erat,
921 3941 957 4007 ut
979 3959 1040 4007 uns
1060 3940 1110 4007 uel
1132 3941 1191 4009 due
1213 3941 1372 4008 dumtaxat
1393 3942 1529 4008 fornaces

279 4053 428 4120 vitromm
450 4053 483 4120 in
505 4055 573 4140 ipsa
595 4053 719 4123 civitate
741 4055 913 4137 enatarent,
936 4076 1005 4124 cum
1027 4075 1088 4124 una
1104 4059 1153 4124 vei
1175 4058 1234 4125 due
1256 4077 1309 4142 pro
1324 4057 1430 4124 eadem
1450 4057 1528 4124 tivi·

279 4170 343 4234 tate
365 4171 397 4234 et
418 4169 503 4235 illius
525 4169 693 4238 tenimento
716 4171 898 4251 sufficerent,
927 4189 963 4239 cc
988 4172 1107 4257 pridem
1129 4193 1200 4241 cum
1222 4174 1420 4252 dubitaretur,
1450 4173 1530 4257 quod

279 4283 307 4350 si
329 4283 431 4369 plures
461 4303 551 4370 quam
575 4287 632 4352 due
662 4286 798 4354 fornaces
820 4286 996 4355 huiusmodi
1025 4289 1059 4355 in
1081 4289 1148 4373 ipsa
1171 4289 1295 4356 civitate
1323 4289 1439 4369 fierent,
1469 4307 1529 4354 uns

278 4418 332 4484 per
353 4399 486 4485 reliquas
508 4401 637 4468 deterior
660 4403 837 4484 efficeretur,
860 4404 892 4470 et
914 4405 1019 4472 tamen
1033 4405 1067 4471 in
1082 4405 1191 4472 cariori
1213 4404 1277 4471 iore
1293 4405 1382 4472 rendi
1403 4407 1529 4490 possent

276 4530 326 4582 res
355 4515 394 4580 ad
416 4515 631 4601 perficiendum
661 4518 836 4587 huiusmodi
865 4520 944 4589 vitra
970 4521 1152 4590 necessarie:
1199 4518 1337 4588 Sedecim
1366 4521 1425 4588 viri
1453 4522 1528 4588 tunc
