3380 5088
768 349 1011 418 -314-

262 537 445 619 Reseranda,
461 541 584 623 sineere,
600 543 717 612 dilecte.
740 543 828 626 Quod
842 545 876 612 in
890 546 974 613 hisee
989 567 1090 614 rerum
1105 566 1251 615 novarum
1268 548 1387 628 studiis,
1403 547 1514 633 quibus

261 653 354 721 ltalia
376 657 424 723 ost
446 661 606 740 commoto,
629 662 804 744 putavimus
828 663 924 729 nostri
946 682 1013 730 esse
1035 663 1128 730 offleii
1156 663 1275 731 hortari
1296 685 1350 731 uos
1373 664 1412 731 ad
1439 683 1513 730 oon·

262 769 445 839 tinuandum
467 774 555 840 illam
570 795 658 843 suam
683 776 871 862 singularem
885 798 958 864 erga
974 797 1146 847 caesaream
1160 780 1353 847 maiestatem
1377 781 1514 847 affectio·

263 905 333 953 nem
363 890 663 976 observantiamque,
692 912 753 960 non
783 893 959 961 dubitamus
982 894 1056 980 quin
1087 895 1156 962 sitis
1179 895 1211 961 id
1237 896 1310 962 boni
1338 895 1515 963 oonsulturi

263 1003 304 1067 m
326 1003 355 1069 si
368 1004 425 1070 tali
440 1006 520 1090 apud
542 1026 612 1074 eum
628 1028 718 1092 quem
741 1009 779 1075 ad
796 1010 914 1076 subitas
929 1013 1136 1096 angustasque
1158 1030 1206 1077 res
1222 1011 1394 1078 constantia
1408 1011 1516 1096 magni

264 1117 360 1184 animi
382 1122 485 1187 tuetur
507 1142 598 1206 quem
619 1123 652 1191 iu
675 1125 762 1192 uobis
784 1145 851 1193 esse
874 1127 1071 1211 eognovimus
1094 1127 1242 1195 relatione
1263 1128 1440 1206 multorum,
1462 1126 1516 1211 qui

263 1236 421 1316 praestant
436 1256 550 1322 magna
564 1239 632 1320 fide,
647 1259 708 1307 non
724 1240 888 1309 admodum
903 1241 1040 1327 indigere
1055 1242 1315 1322 existimabamus,
1331 1263 1401 1310 oum
1411 1245 1516 1308 tamon

263 1349 452 1432 auctoritate,
467 1353 602 1433 oonsilb,
617 1357 778 1440 prudentia
792 1359 824 1424 et
837 1357 950 1425 iudicio
963 1359 1134 1442 praestetis,
1150 1377 1226 1443 quae
1241 1357 1397 1425 beatitudo
1412 1356 1515 1441 ponti·

264 1463 331 1530 liois
355 1464 464 1553 siqua
492 1469 555 1536 alia
577 1473 608 1537 et
630 1472 758 1538 maximi
780 1473 877 1539 faeere
900 1474 931 1540 et
954 1475 1039 1558 sequi
1063 1475 1166 1553 soleat
1195 1493 1256 1540 non
1283 1473 1437 1558 potuimus
1459 1492 1517 1538 nos

162 1613 167 1622 ·
264 1581 418 1649 continere
440 1585 514 1669 quin
536 1585 587 1652 his
610 1588 641 1654 et
663 1587 856 1656 hortaremur
878 1591 909 1655 et
938 1589 1160 1673 requireremus
1183 1609 1236 1657 vos
1259 1592 1294 1655 ut
1323 1588 1454 1676 pristina
1482 1589 1517 1655 in

265 1717 437 1766 caesaream
466 1701 661 1770 maiestatem
691 1703 792 1770 offioia
822 1705 962 1789 prosequi
993 1707 1023 1772 et
1045 1709 1150 1773 nostra
1181 1725 1298 1791 quoque
1328 1705 1458 1791 negotia,
1489 1704 1519 1770 si

265 1814 385 1899 quando
407 1815 493 1884 favor
515 1820 614 1884 vester
643 1819 808 1904 requisitus
830 1839 884 1905 pro
907 1820 971 1888 illis
994 1821 1094 1902 fuerit
1124 1841 1178 1906 per
1200 1821 1406 1907 praesentium
1429 1819 1517 1886 erhi-

265 1929 396 1996 bitorem
419 1933 629 2000 consiliarium
650 1936 789 2001 nostrum
819 1937 1029 2005 honorabilem
1052 1938 1139 2005 nobis
1162 1937 1308 2004 dilectum
1332 1937 1518 2022 magistrum

266 2045 393 2112 Petrum
416 2047 453 2115 de
476 2047 658 2115 Salamanoa
686 2050 798 2118 babere
827 2053 1054 2133 commendata,
1083 2054 1217 2120 maxime
1245 2054 1347 2120 autem
1377 2053 1440 2118 iam
1462 2071 1518 2136 pro

265 2162 414 2229 caesareis
429 2164 519 2230 rebus
535 2165 615 2249 apud
631 2165 852 2235 beatitudinem
867 2169 1020 2253 pontilicis
1036 2188 1208 2254 quanquam
1225 2168 1351 2238 oonsilio
1370 2188 1432 2236 non
1446 2170 1519 2252 eget

266 2277 321 2344 sed
343 2278 481 2345 abundat
502 2281 612 2365 potius.
658 2281 741 2348 Illud
763 2283 977 2369 promittentes
1000 2285 1086 2351 vobis
1115 2284 1258 2369 quioquid
1280 2285 1396 2351 laetum
1417 2284 1476 2351 erit
1498 2303 1519 2349 a

265 2392 351 2459 vobis
374 2413 429 2478 pro
451 2396 608 2463 retinendo
631 2397 733 2466 animo
757 2417 780 2466 o.
797 2417 869 2465 suae
891 2419 982 2483 quem
1004 2399 1169 2486 iniquiores
1185 2419 1341 2467 oaosareae
1364 2399 1523 2466 maiestati

265 2508 377 2575 subitis
406 2511 543 2578 consiliis
565 2514 597 2580 et
621 2513 747 2580 studiisae
762 2513 890 2581 debeone
918 2514 1059 2594 student,
1089 2513 1122 2580 id
1149 2515 1343 2583 maiestatem
1374 2534 1461 2582 suam
1485 2516 1522 2580 ut

264 2623 354 2692 fidele
376 2627 408 2692 et
430 2629 551 2711 sapiens
574 2629 690 2696 saalum
713 2630 989 2714 comprobaturum.
1034 2629 1100 2697 Nos
1123 2648 1192 2698 vero
1215 2631 1260 2696 ita
1283 2630 1343 2698 sibi
1372 2629 1522 2698 derintiat

265 2742 301 2806 ut
324 2740 421 2808 sirum
444 2743 530 2810 vobis
558 2743 597 2810 ad
627 2764 749 2812 omnem
780 2746 968 2813 ooeasionem
998 2746 1043 2812 ita
1064 2747 1276 2832 gratificaturi,
1306 2747 1341 2813 ut
1363 2764 1521 2831 nunquam

265 2856 419 2940 poeniteat
442 2877 495 2925 uos
519 2860 550 2926 et
571 2860 665 2926 offleii
687 2861 719 2926 et
741 2861 879 2946 obsequii
901 2862 1004 2928 vestri.
1043 2863 1160 2929 Datum
1181 2863 1215 2930 in
1238 2861 1347 2947 oppido
1365 2861 1521 2947 Inspruglr

266 2971 316 3039 die
339 2972 471 3039 secunda
492 2976 608 3042 mensis
631 2975 781 3056 ianuarii,
805 2995 886 3043 anno
909 2977 1034 3044 Domini
1057 2977 1175 3046 mdrxv.
1228 2977 1445 3044 Ilerdinandus.

1226 3094 1275 3160 la.
1299 3092 1429 3178 Spiegol.

860 3355 933 3421 238.

593 3521 732 3579 Prorex
755 3521 904 3594 Lannoy
928 3519 1099 3580 Clementi
1123 3521 1195 3579 Vll.

637 3629 724 3715 (litt
740 3629 847 3695 varim.
864 3628 902 3694 ad
918 3628 1012 3696 Glem.
1029 3629 1067 3694 ΙΙ.
1085 3629 1150 3712 22).

757 3745 822 3832 (ll.
839 3744 908 3811 dan
928 3743 1036 3829 1525).

359 3905 420 3971 Por
434 3905 463 3971 el
479 3907 567 3972 breue
590 3905 627 3972 de
650 3907 696 3971 loo
711 3908 819 3989 quatro
842 3905 891 3972 del
913 3905 1051 3988 presente
1073 3903 1196 3970 enmndi
1218 3923 1276 3989 que
1291 3925 1317 3970 v.
1335 3925 1358 3970 s.
1375 3924 1407 3971 oe
1429 3903 1522 3970 basia

270 4020 447 4087 eonoortado
469 4039 526 4087 oon
549 4021 577 4087 el
599 4019 705 4106 royda
727 4020 864 4100 Francia,
887 4041 906 4105 y
929 4039 986 4104 que
1008 4020 1040 4085 la
1062 4018 1212 4106 prinoipal
1234 4039 1326 4086 eausa
1347 4039 1405 4104 que
1428 4021 1522 4086 aello

271 4135 299 4201 le
322 4136 363 4201 ba
385 4136 506 4202 movido
529 4135 577 4202 dia
599 4155 658 4222 que
678 4136 720 4202 ba
742 4134 834 4221 seydo
857 4154 911 4220 por
933 4153 972 4202 no
995 4135 1088 4202 bavar
1110 4135 1191 4201 fasta
1212 4138 1278 4202 esta
1301 4136 1376 4201 hora
1397 4133 1522 4202 hallado

270 4253 317 4319 los
340 4250 456 4318 medios
478 4271 537 4336 que
558 4250 702 4318 desseava
717 4271 790 4336 para
813 4269 907 4335 ponor
929 4269 983 4334 pau
1006 4252 1091 4316 entre
1105 4251 1134 4316 el
1156 4251 1331 4335 emperador
1353 4252 1417 4335 yel
1432 4250 1523 4318 diobo

271 4385 323 4453 roy
338 4367 376 4433 de
391 4367 526 4445 Francia
548 4387 568 4452 y
591 4369 729 4450 quaesto
752 4385 810 4451 que
824 4387 852 4432 v.
868 4366 896 4432 b.
919 4366 960 4431 ba
975 4365 1060 4432 foebo
1083 4385 1122 4432 no
1137 4385 1170 4432 es
1185 4385 1222 4432 en
1239 4365 1319 4431 dano
1342 4367 1378 4433 de
1398 4367 1522 4448 teroero,

273 4481 361 4548 sino
386 4482 552 4549 solamente
574 4501 629 4568 por
651 4483 747 4548 evitar
769 4483 798 4548 ol
824 4481 941 4566 poligro
970 4481 1007 4547 de
1029 4483 1133 4547 vostra
1164 4501 1236 4566 muy
1260 4484 1364 4548 sancta
1394 4501 1524 4568 pensem
