3396 5090
680 337 924 406 -195-

176 553 296 602 summo
318 533 391 612 iura,
414 551 483 599 cum
513 533 612 598 multa
634 532 763 598 obiicere
785 551 953 617 possemus,
982 549 1073 616 agere
1094 551 1164 599 cnm
1185 531 1250 599 illis
1273 531 1425 600 volumus

176 669 268 734 quam
299 649 429 734 benigne
452 651 483 716 et
512 649 680 714 liberaliter
702 648 767 714 illis
790 647 956 732 indulgere.
1009 647 1116 732 Itaque
1145 648 1305 732 pecuniam
1334 667 1426 734 quam

175 766 336 850 petierunt,
368 765 412 830 ita
434 763 498 830 illis
522 765 637 831 solvere
660 764 760 848 parati
781 764 905 843 erimus,
929 763 955 828 si
977 765 1083 830 tamen
1104 763 1165 848 ipsi
1180 763 1300 831 reiectis
1323 766 1354 831 et
1376 784 1425 860 re·

156 880 311 966 ‹pudiatis
333 881 436 964 pravis
467 880 629 947 haeresum
651 879 835 958 suasoribus,
865 879 904 944 ad
926 878 997 944 fidei
1027 878 1193 946 catholicae
1221 879 1374 965 monrium
1397 881 1428 946 et

174 996 216 1070 ad
238 995 402 1081 pristinam
424 995 625 1062 reverentiam
641 993 728 1062 Sedis
751 995 934 1078 apostolicae
957 994 1070 1062 reversi
1097 994 1219 1075 fuerint,
1242 1014 1346 1062 cuma
1368 995 1428 1062 fide

181 1115 286 1178 sancta
308 1113 341 1177 et
362 1111 401 1177 ab
423 1111 482 1178 hac
497 1109 573 1178 Sede
595 1110 714 1189 alienis,
736 1129 797 1177 nou
819 1111 911 1176 liceat
925 1110 1067 1194 cuiquam
1082 1110 1268 1196 minimeque
1290 1111 1428 1178 omnium

178 1228 315 1294 Romano
330 1226 469 1311 pontifici
490 1228 544 1292 aut
559 1225 763 1292 benivolentia
786 1227 839 1292 aut
860 1225 1048 1292 liberalitate
1062 1226 1127 1292 ulla
1143 1225 1313 1312 suffragari
1341 1223 1428 1309 Quod

126 1379 128 1384 ·
178 1343 273 1410 etiam
294 1360 354 1427 quo
368 1341 490 1408 facilius
511 1342 543 1408 et
558 1342 668 1408 melius
691 1361 781 1426 agere
803 1343 834 1408 et
856 1341 1033 1424 resipiscere
1054 1341 1250 1408 adscribatis
1273 1342 1427 1410 notionem

179 1459 307 1545 possint,
329 1457 484 1525 offerimus
512 1477 569 1525 nos
591 1457 748 1526 hominem
771 1457 804 1524 in
825 1458 960 1542 aliquem
988 1456 1053 1523 illis
1075 1457 1288 1543 propinquum,
1316 1459 1428 1538 tutum,

179 1575 440 1660 opportunumque
469 1574 571 1641 locum
593 1573 715 1640 mittere
737 1573 861 1658 paratos
883 1591 958 1653 esse,
986 1574 1062 1658 puta
1084 1569 1263 1640 Gebennam
1291 1575 1346 1639 aut
1366 1573 1427 1642 Io·

180 1709 317 1772 sannam
346 1690 399 1774 qui
421 1691 506 1756 locus
527 1690 573 1757 eis
595 1689 687 1756 fuerit
708 1691 824 1774 gratus,
853 1687 907 1774 qui
929 1687 1039 1756 Sancte
1060 1689 1132 1756 fidei
1160 1688 1236 1756 iusti
1257 1689 1430 1776 cognitione

180 1805 326 1886 eruditus,
355 1807 426 1874 illos
456 1805 642 1872 salutaribus
666 1805 791 1874 monitis
822 1823 962 1874 revocare
984 1805 1023 1872 ad
1052 1807 1223 1892 respectum
1252 1808 1284 1873 et
1312 1808 1428 1874 cultum

181 1921 399 2008 omnipotentis
420 1921 480 1988 Dei
501 1921 607 2006 possit,
636 1941 753 1988 necnon
774 1920 886 2006 impios
909 1923 1104 2008 suggestores
1132 1922 1280 1989 falsarum
1310 1923 1428 2008 opinio-

182 2059 265 2118 num,
288 2039 398 2124 quibus
420 2056 439 2104 a
461 2040 543 2104 recta
575 2039 624 2104 ria
647 2038 711 2105 sint
733 2038 859 2120 seducti
890 2040 1011 2107 auctore
1041 2038 1157 2125 Spiritu
1189 2037 1300 2106 Sancto
1332 2041 1429 2108 victos

182 2155 276 2222 sacris
304 2155 418 2222 litteris
447 2155 575 2239 repellat
597 2156 628 2220 et
650 2155 790 2240 corrigat
835 2153 949 2240 Magno
972 2155 1055 2222 enim
1084 2155 1279 2223 cumdolore
1308 2157 1431 2224 illorum

180 2271 273 2338 afide
287 2270 436 2338 catholica
449 2269 614 2338 dissidium
628 2271 660 2338 et
674 2270 858 2356 perniciosos
873 2289 988 2338 errores
1003 2271 1144 2347 terimam
1160 2291 1237 2356 quae
1251 2291 1307 2339 nos
1317 2272 1428 2340 vestris

182 2387 392 2454 devotionibus
415 2388 488 2454 nota
509 2405 576 2453 esse
598 2387 747 2464 volumus,
777 2387 912 2472 primurn
934 2387 970 2452 ut
990 2386 1205 2472 intelligeretis
1228 2405 1287 2472 quo
1316 2388 1432 2473 optimo

182 2503 286 2570 animo
307 2520 380 2588 erga
394 2502 488 2570 istam
510 2502 665 2570 nationem
682 2502 856 2569 universam
869 2521 1006 2570 essemus
1020 2502 1143 2587 prediti,
1164 2502 1272 2570 deinde
1287 2522 1340 2570 vos
1359 2503 1431 2571 bor·

182 2621 327 2697 taremur,
348 2620 384 2683 ut
405 2617 474 2702 pari
493 2637 567 2703 erga
589 2636 645 2685 nos
668 2617 700 2685 et
721 2617 801 2684 hano
823 2616 934 2685 Sadam
949 2617 1094 2684 Sanctam
1116 2637 1170 2685 ros
1193 2618 1301 2687 essetis
1324 2619 1433 2686 volun·

183 2737 256 2814 tate,
278 2735 420 2820 ipsosque
434 2733 639 2815 lurrioonses,
661 2734 714 2818 qui
735 2752 772 2801 sx
794 2734 917 2802 nomine
931 2736 963 2802 et
979 2734 1122 2800 societate
1137 2735 1239 2800 vestra
1262 2735 1341 2815 suut,
1360 2735 1433 2800 hor·

184 2848 329 2916 curemini
351 2851 390 2930 et,
405 2851 553 2934 quantum
576 2849 610 2916 in
625 2849 710 2918 vobis
726 2852 814 2930 osset,
831 2849 932 2916 studio
947 2849 1031 2916 omni
1045 2849 1254 2934 impelleretis,
1276 2851 1366 2935 prout
1381 2868 1435 2916 sos

185 2965 332 3032 hactenus
354 2983 416 3031 non
439 2965 534 3032 semel
555 2965 663 3032 facisse
692 2966 899 3032 intelleximus
922 2966 954 3031 et
975 2965 1020 3032 eis
1042 2985 1160 3050 quoque
1191 2966 1378 3051 scripsimus,
1401 2969 1436 3032 ut

186 3100 205 3148 a
234 3081 353 3148 semitis
383 3080 597 3148 damnatarum
626 3079 921 3165 perniciosarumque
950 3081 1111 3147 haeresum
1146 3079 1185 3146 ad
1214 3081 1297 3147 viam
1327 3081 1437 3148 revecti

186 3196 327 3263 veriatis
341 3195 492 3281 fidemque
514 3198 636 3282 patrum
653 3216 785 3274 suorum,
809 3215 861 3280 per
877 3215 970 3281 quam
986 3197 1083 3264 solam
1099 3196 1201 3263 aditus
1224 3198 1272 3264 ast
1287 3196 1326 3262 ad
1341 3196 1439 3263 vitam

188 3313 359 3392 aeternam,
389 3312 533 3396 amplecti
556 3313 587 3378 et
609 3331 797 3396 recuperare,
829 3331 940 3396 vosque
963 3315 995 3378 et
1017 3317 1150 3379 cosmam
1174 3313 1334 3392 virtutem,
1365 3331 1437 3380 con-

187 3427 336 3494 stantiam
358 3426 506 3512 pietatem
519 3427 637 3492 imitari
659 3428 781 3495 uellent.
826 3425 913 3508 Quod
935 3430 970 3493 ut
992 3427 1112 3494 faciatis
1127 3430 1287 3512 uestraque
1309 3427 1441 3512 pristina

190 3541 292 3609 studia
314 3561 387 3628 erga
409 3543 489 3608 hauc
512 3540 657 3609 Sanctam
681 3541 790 3610 Sedem
820 3543 910 3611 solito
933 3563 1035 3610 amore
1063 3543 1214 3610 tueamini
1236 3545 1266 3609 et
1288 3543 1440 3610 renovetis

189 3658 363 3726 devotiones
379 3661 497 3726 vestras
512 3659 546 3725 in
559 3659 691 3726 Domino
706 3659 874 3743 plurimum
889 3659 1094 3727 adhortamur.
1125 3659 1242 3726 Datum
1255 3659 1371 3726 Romae
1386 3663 1442 3727 etc.

189 3772 240 3841 dic
261 3774 300 3841 xi.
323 3774 501 3843 Decembris
522 3774 642 3842 mdnxs.
687 3775 888 3842 Pontificatus
910 3775 1008 3842 nostri
1030 3794 1109 3841 anno
1131 3775 1230 3842 tertio.

785 4035 858 4104 loo.

626 4201 758 4275 Magno
781 4199 1013 4263 cancellario.

284 4355 403 4422 Dilecto
425 4353 480 4422 dli
526 4350 612 4436 Quod
635 4373 740 4421 omnes
763 4354 895 4421 actiones
919 4355 990 4422 tuae
1013 4353 1077 4420 sint
1091 4354 1227 4422 intentae
1250 4356 1289 4422 ad
1309 4357 1449 4422 mutuam

193 4471 333 4539 nostram
354 4489 426 4540 cum
447 4469 643 4540 amarissimo
665 4469 793 4540 Caesare
816 4471 986 4538 amiddam
1007 4471 1039 4538 et
1066 4470 1304 4538 benivolentium
1326 4489 1448 4538 consar-

1230 4576 1289 4649 13*
