3366 5084
685 317 907 384 ..29-

169 511 307 580 nationes
335 511 456 578 videtur
482 509 664 594 pervenisse.
709 510 817 594 Itaque
846 508 948 574 David
976 508 1042 592 ipse
1071 508 1161 593 petiit
1184 529 1202 576 a
1225 511 1313 578 nohis
1344 532 1417 580 snae

168 627 302 694 nationis
324 627 456 707 nomine,
479 627 514 691 ut
539 625 717 693 facultatem
745 619 921 691 hhiusmodi
949 626 1170 692 tormentorum
1192 603 1269 711 ipsis
1300 645 1416 713 ¹suppe-

169 744 266 812 ditare
295 744 458 818 vellemus3
488 741 545 807 hoo
572 742 656 808 enim
679 742 706 808 11
734 741 820 807 fieret
849 740 1004 825 pollicitus
1032 743 1081 806 111
1112 743 1143 807 11
1175 762 1263 808 suam
1293 746 1418 828 gentem

169 879 287 944 semper
309 857 381 926 Sodi
406 857 589 942 apostolicae
611 876 647 922 ac
668 856 786 923 nomini
814 856 981 922 christiano
1004 856 1042 922 oh
1064 857 1121 922 hoc
1149 858 1330 926 heneficium
1362 862 1419 927 ob-

22 1007 27 1013 ·
169 976 291 1042 noxiam
312 975 384 1054 fore,
407 975 438 1039 et
459 973 549 1039 facile
570 974 750 1039 eventurum
778 973 814 1037 ut
837 971 986 1055 superatis
1016 972 1159 1039 finitimis
1181 975 1307 1054 mauris,
1338 977 1419 1060 quod

169 1092 221 1158 ille
242 1089 529 1174 interloquendum
552 1087 710 1154 videbatur
732 1087 888 1167 confidere,
911 1087 1034 1172 aliquod
1056 1107 1204 1174 magnum
1227 1092 1421 1158 commodum

170 1209 219 1273 111
240 1207 381 1292 Aegypto
403 1225 457 1290 per
478 1205 562 1290 ipsos
584 1205 711 1272 hebreos
734 1203 945 1288 oppugnanda,
968 1205 1016 1270 vel
1031 1204 1138 1270 Turcis
1161 1205 1264 1290 aliqua
1286 1225 1321 1272 er
1336 1209 1422 1291 parte

169 1322 363 1400 111111111ᾱί1,
393 1321 432 1387 ad
460 1321 631 1387 christanus
659 1320 815 1406 pervenire
843 1338 940 1403 posse.
985 1319 1067 1386 Haec
1089 1339 1153 1400 uos,
1176 1321 1229 1404 qni
1251 1322 1361 1388 remoti
1383 1324 1422 1389 ab

170 1439 234 1506 illis
255 1439 331 1505 locis
352 1439 443 1522 longa
466 1437 620 1517 absumus,
643 1456 739 1522 neque
761 1454 940 1520 cognoscere
954 1435 1076 1518 penitus
1099 1436 1270 1503 cuiusmodi
1291 1438 1363 1517 11111
1387 1457 1422 1504 eu

169 1555 262 1621 hrrius
290 1553 391 1620 David
418 1553 566 1619 relatione
594 1553 764 1636 potuimus,
793 1570 889 1636 neque
919 1551 1073 1617 voluimus
1096 1552 1220 1618 omnino
1250 1553 1422 1638 negligam

171 1670 225 1737 sed
253 1669 445 1736 instituimus
475 1687 546 1735 eum
575 1668 706 1753 dirigere
732 1667 771 1733 ad
802 1667 997 1733 serenitatem
1026 1668 1127 1748 tuam,
1157 1686 1234 1752 quae
1263 1669 1423 1736 hominum

171 1785 293 1852 assidue
324 1785 562 1851 commeantium
591 1784 631 1850 ad
652 1802 688 1850 ea
709 1784 777 1849 loca
798 1784 830 1848 11
852 1801 972 1848 cursus.
986 1782 1058 1848 illos
1087 1783 1347 1868 frequentantium
1369 1803 1421 1851 oo·

171 1901 256 1985 pam
277 1901 378 1967 moer
423 1901 469 1967 ur
490 1901 601 1986 quibus
623 1899 870 1984 1111111111
893 1899 996 1965 omma
1018 1899 1094 1964 1111
1115 1899 1295 1984 aarum.
1339 1879 1423 1966 mur

171 2017 296 2102 quidem
319 2016 421 2083 risum
443 2016 532 2083 uobis
562 2017 610 2082 est
632 2015 749 2082 hortari
778 2015 976 2082 serenitatem
996 2015 1092 2095 tuam,
1121 2016 1256 2100 primum
1284 2019 1321 2081 ut
1342 2017 1424 2083 hunc

171 2133 272 2200 David
300 2132 432 2218 henigne
461 2151 496 2198 11
523 2133 655 2200 libenter
683 2132 796 2212 1111111
826 2131 1047 2216 diligenterque
1076 2133 1240 2215 cognoscat
1268 2132 1342 2216 quid
1369 2128 1450 2222 illo¹

172 2249 272 2316 affert:
300 2266 362 2316 non
384 2249 468 2315 enim
490 2267 546 2315 nec
573 2247 752 2314 humanitas
775 2247 809 2312 in
840 2265 911 2331 rege
940 2265 995 2312 nec
1024 2245 1186 2331 diligentia
1215 2267 1351 2332 unquam
1373 2250 1423 2315 eat

171 2383 233 2431 non
253 2363 421 2430 laudanda:
444 2363 552 2430 deinde
574 2364 688 2430 verosi
706 2362 786 2447 quod
807 2362 1001 2429 commodum
1024 2381 1059 2428 er
1074 2361 1140 2428 eius
1163 2381 1253 2447 opera
1276 2366 1329 2429 aut
1348 2382 1421 2429 oon-

174 2479 243 2546 silio
264 2479 450 2546 christianae
480 2480 580 2563 speret
601 2497 690 2563 possc
713 2478 833 2544 evenire
855 2477 1038 2563 reipublicae
1062 2476 1147 2566 (cnm
1168 2497 1343 2563 quanquam
1365 2479 1422 2545 he·

171 2595 312 2662 breomm
333 2614 410 2680 gens
433 2594 600 2661 christiano
623 2593 741 2660 nomini
763 2594 890 2659 adversa
913 2593 955 2659 sit
970 2593 1088 2659 statuat
1109 2595 1214 2659 tamen
1237 2613 1324 2679 saepe
1339 2594 1424 2660 Deus

173 2729 244 2776 cnm
266 2710 401 2776 inimicis
425 2729 457 2776 ae
479 2710 633 2776 vindicare
656 2709 693 2775 de
715 2706 865 2795 inimicis)
889 2709 964 2774 velit
986 2727 1057 2774 eum
1076 2726 1132 2793 ope
1155 2728 1210 2774 sua
1232 2709 1374 2776 adiurare
1390 2729 1425 2776 11

172 2844 243 2892 cum
265 2844 390 2892 suarum
412 2826 559 2892 classium
575 2808 727 2892 comitatu
751 2825 814 2891 voti
843 2826 1015 2909 compotem
1038 2823 1208 2890 dimittere:
1235 2844 1304 2892 cnm
1333 2845 1424 2910 prae·

172 2942 279 3007 sertim
300 2960 397 3026 neque
418 2941 473 3007 ille
494 2959 640 3026 magnam
662 2960 728 3007 rem
749 2941 851 3024 petere
873 2939 1020 3020 videatur,
1050 2939 1104 3024 qni
1132 2941 1256 3007 tantum
1283 2943 1422 3008 tormen-

171 3059 272 3123 torum
293 3075 456 3123 numerum
477 3056 611 3141 aliquem
632 3058 665 3122 et
685 3073 796 3139 pancos
812 3055 951 3122 homines
975 3055 1029 3140 qui
1050 3073 1153 3139 regere
1175 3055 1231 3122 illa
1253 3057 1285 3122 et
1307 3058 1421 3140 guber·

171 3191 243 3238 aare
264 3171 404 3239 noverint
424 3172 567 3256 postulet
590 3173 726 3238 1111111
748 3171 847 3257 possit
868 3170 1009 3238 fortassis
1031 3170 1216 3237 christanae
1239 3171 1422 3255 reipublicae

172 3289 204 3354 11
225 3289 295 3354 tuse
317 3287 490 3354 serenitatis
504 3287 590 3353 laudi
604 3307 639 3353 ac
654 3287 783 3356 utilitati
798 3306 860 3354 non
874 3286 1024 3354 mediocre
1038 3286 1177 3354 accedere
1192 3287 1422 3355 incrementum.

171 3403 209 3468 Iu
230 3403 288 3496 hoc
310 3404 383 3486 aget
412 3404 558 3470 serenitas
580 3405 635 3470 tua
658 3404 738 3489 quod
752 3405 784 3470 et
806 3422 879 3469 suae
901 3402 1010 3468 virtuti
1031 3403 1189 3469 convenire
1209 3402 1369 3484 ridebitur,
1393 3407 1425 3470 11

171 3519 293 3586 nostrae
313 3519 456 3603 paternae
478 3536 552 3602 erga
581 3537 613 3584 se
642 3519 806 3586 voluntati:
836 3518 924 3584 uobis
954 3517 1077 3603 quidem
1099 3539 1165 3585 rem
1187 3522 1310 3604 gratam
1332 3518 1424 3586 faciet

173 3633 428 3717 quemadmodum
450 3653 521 3700 cum
542 3635 614 3699 tuae
644 3634 818 3700 serenitatis
841 3635 958 3700 oratore
988 3633 1085 3699 locuti
1107 3653 1221 3701 sumus.
1253 3632 1346 3700 Cuius
1369 3635 1425 3700 illa

170 3749 285 3814 litteris
314 3748 408 3815 fidem
435 3748 569 3816 habebit.
614 3748 732 3830 Datum
759 3750 875 3815 Romae
898 3749 947 3815 die
976 3748 1041 3815 xvii
1061 3747 1250 3833 Septembris
1278 3749 1426 3816 mdxuiiii.

172 3863 261 3930 Anno
270 3865 378 3949 primo.
402 3863 593 3952 (Supersedit
607 3863 767 3930 hicllarid
781 3857 877 3949 usque
892 3863 932 3929 ad
946 3864 1026 3930 hauc
1040 3864 1131 3946 diem,
1146 3864 1218 3950 quia
1233 3864 1426 3950 aegrotavit).

776 4153 828 4218 22.

259 4327 420 4396 Universis
443 4327 474 4394 et
496 4326 628 4412 singulis
643 4329 698 4393 ete.
738 4327 857 4412 Erpoui
878 4327 967 4394 nobis
990 4345 1086 4411 nuper
1107 4327 1179 4394 fecit
1193 4326 1322 4395 dilectus
1339 4329 1422 4395 filius
