3396 5090
807 303 1050 370 -232-

301 497 401 564 Deum
431 495 588 580 protutura
620 497 679 576 sit,
716 497 778 564 nisi
809 499 883 564 haec
915 499 977 564 alia
1008 500 1097 583 culpa
1125 500 1216 567 fuerit
1247 501 1407 568 emendata
1436 503 1467 568 et
1498 503 1551 566 tua

303 614 361 680 erit
383 615 415 680 et
436 612 618 680 confessoris
641 614 687 680 tui
709 615 862 700 cogitatio.
907 615 972 682 Nos
995 618 1107 696 tamen
1123 617 1395 702 supplicationibus
1411 618 1473 683 tuis
1496 619 1549 684 be·

302 733 396 817 nigne
419 732 595 812 annuentes,
619 735 701 797 ren.li
721 731 790 798 fr.tri
813 731 956 799 Grassiae
971 735 1110 818 episcopo
1126 734 1289 801 Oromcnsi
1304 735 1469 802 confessori
1491 736 1551 814 tuo,

302 850 465 933 postquam
488 848 643 916 confessus
672 849 721 916 illi
743 852 774 916 et
796 852 860 918 Deo
882 851 939 916 hoc
968 852 1055 917 tuum
1085 851 1225 917 mandati
1252 850 1409 918 homicidii
1437 851 1552 918 crimen

303 964 405 1045 fueris,
428 964 609 1050 renumque
631 965 789 1033 humiliter
811 967 849 1034 (le
864 986 898 1034 eo
920 967 1053 1052 petieris,
1077 969 1164 1052 teque
1179 969 1212 1034 in
1234 968 1413 1052 perpetuum
1428 986 1447 1033 a
1462 967 1551 1032 simi-

303 1082 385 1149 libus
407 1082 594 1149 facinoribus
616 1083 791 1150 abstincndi
814 1085 963 1151 sinceram
986 1085 1018 1152 at
1039 1086 1154 1151 rectam
1169 1084 1403 1169 promissionem
1425 1083 1552 1153 dederis,

302 1197 366 1287 te1)
390 1199 574 1280 absolvendi,
597 1219 632 1266 ac
655 1202 693 1267 ab
716 1200 800 1266 omni
821 1203 924 1268 reatus
947 1203 978 1267 et
1000 1201 1138 1267 oriminis
1153 1202 1273 1268 macula
1295 1201 1454 1282 liberandi,
1476 1201 1551 1267 Dei·

170 1359 179 1368 -
304 1337 362 1402 que
384 1317 501 1402 gratiae
516 1318 547 1383 et
562 1317 768 1385 communioni
782 1318 925 1384 ecclesiae
940 1317 1129 1397 restituendi,
1153 1317 1281 1384 salutari
1295 1317 1354 1384 tibi
1368 1317 1553 1401 poenitentia

304 1434 426 1518 publica
449 1433 513 1501 sira
534 1453 595 1502 non
616 1434 739 1519 publica
760 1434 858 1520 ipsius
874 1434 1000 1500 arbitrio
1022 1433 1214 1514 moderanda,
1236 1435 1359 1519 plenam
1375 1433 1553 1501 auctoritate

305 1551 472 1635 apostolica
500 1552 604 1618 tenore
632 1551 838 1635 praesentium
868 1550 1045 1617 mentalem
1075 1550 1267 1618 concedimus
1296 1551 1390 1617 simul
1413 1553 1444 1617 et
1466 1553 1551 1636 pota·

305 1667 425 1734 statem.
471 1667 621 1734 Volumus
644 1669 747 1735 antem
769 1669 848 1752 quod
871 1673 967 1734 serie-⁸
988 1669 1042 1733 tua
1063 1667 1233 1734 iniunctam
1255 1667 1314 1734 tibi
1336 1667 1553 1753 poenitentiam

306 1783 473 1868 adimplere
494 1785 618 1851 omnino
647 1785 793 1852 teneatur.
848 1785 964 1851 Datum
994 1786 1109 1851 Romae
1138 1784 1188 1850 die
1216 1804 1261 1850 rr.
1285 1784 1401 1869 Aprilis
1426 1783 1554 1850 mclxxvi.

306 1900 395 1968 Anno
418 1899 516 1967 tertio.

898 2161 970 2228 177.

836 2326 1029 2387 Caesari

395 2479 559 2550 Carissimo
581 2481 614 2548 in
631 2479 752 2548 Obristo
775 2481 821 2548 tili
843 2484 947 2548 noster
969 2483 1100 2550 salutern
1115 2485 1169 2548 etc.
1216 2484 1368 2551 Redeunti
1390 2484 1429 2551 ad
1453 2489 1555 2552 sorem

307 2602 392 2667 tuam
415 2599 525 2666 dilecto
548 2599 612 2665 tilio
641 2598 881 2666 commendatori
909 2599 1056 2666 Herrerne
1084 2600 1149 2666 viro
1180 2601 1272 2685 probo
1302 2603 1332 2667 et
1353 2601 1387 2668 in
1416 2601 1556 2687 gerendis

307 2718 396 2784 rebus
418 2715 569 2800 prudenti,
591 2715 743 2782 voluimus
767 2717 823 2782 has
846 2716 886 2781 ad
908 2717 939 2783 ta
961 2715 1032 2783 dure
1047 2717 1176 2795 litteras,
1199 2717 1309 2801 ombus
1332 2720 1363 2784 et
1384 2719 1469 2784 illius
1492 2718 1553 2784 vir·

306 2833 367 2900 tuti
389 2832 601 2900 testimonium
616 2833 843 2917 praeberemus;
866 2833 964 2918 gessit
981 2833 1064 2899 enirn
1087 2853 1119 2899 se
1134 2834 1167 2898 in
1182 2833 1266 2900 omni
1288 2835 1412 2918 negocio
1436 2836 1555 2901 strenue

307 2969 342 3015 ac
364 2949 535 3034 prudenter,
565 2950 711 3034 plenaque
733 2949 822 3015 nobis
846 2949 1003 3028 satisfecit,
1033 2951 1064 3017 et
1087 2949 1124 3016 de
1146 2951 1250 3016 nostra
1280 2949 1312 3016 in
1336 2955 1439 3017 ser.tem
1471 2954 1554 3018 tuam

306 3066 450 3151 perpetua
472 3065 677 3131 benivolentia
693 3065 808 3150 aliquid
832 3064 1082 3150 significaremus.
1128 3063 1212 3146 Quae
1235 3067 1315 3132 certe
1337 3067 1486 3134 eiusmodi
1501 3068 1555 3144 est

306 3184 342 3249 ut
364 3183 469 3250 nostra
492 3201 610 3266 semper
625 3181 753 3248 consilia
775 3183 806 3248 ct
821 3182 938 3248 monita
961 3185 992 3248 et
1007 3202 1110 3249 verum
1133 3183 1163 3248 et
1179 3183 1322 3250 stabilem
1338 3183 1468 3268 gloriam
1487 3185 1554 3248 tuae

308 3303 398 3365 serti·
423 3298 639 3382 spectaverint,
670 3317 760 3384 quam
784 3317 840 3365 nos
864 3317 982 3382 semper
1011 3299 1199 3382 optavimus,
1225 3319 1388 3386 sumusque
1415 3299 1555 3384 optaturi.

309 3413 376 3495 Qua
398 3413 435 3481 de
450 3433 482 3481 re
496 3415 613 3501 largius
637 3414 837 3481 scriberemus
853 3415 914 3482 nisi
937 3417 967 3480 ct
982 3415 1097 3482 testata
1120 3415 1199 3501 apud
1218 3417 1250 3483 te
1264 3417 1346 3483 asset
1368 3416 1476 3482 multis
1495 3415 1554 3481 iam

306 3529 429 3598 indiciis
458 3533 563 3597 nostra
592 3531 708 3616 optima
731 3533 887 3610 voluntas,
917 3531 948 3596 ct
969 3529 1037 3614 ipso
1059 3530 1190 3598 Herrera
1218 3533 1385 3617 perferente
1415 3553 1451 3598 ex
1473 3531 1554 3598 illius
1661 3599 1662 3606 ,

308 3647 497 3715 sermonibus
513 3648 650 3714 animuin
665 3649 805 3715 nostrum
820 3667 903 3715 esses
917 3646 1191 3732 pleneoogniturus
1207 3649 1455 3716 amantissimum
1464 3646 1555 3732 pacis,
1661 3619 1662 3639 ἶ

307 3765 452 3850 cupidum
474 3765 544 3832 tuac
567 3765 744 3850 dignitatis,
773 3765 939 3832 universae·
959 3763 1194 3830 christianitatis
1224 3763 1381 3832 commodo
1403 3767 1434 3830 et
1464 3763 1555 3830 saluti

307 3881 530 3965 invigilantem.
576 3874 613 3947 Iu
636 3881 746 3966 quibus
769 3881 859 3948 rebus
874 3879 1016 3947 omnibus
1034 3883 1069 3946 ut
1085 3885 1180 3948 ser.tes
1196 3883 1248 3946 tua
1271 3880 1359 3947 nobis
1375 3899 1428 3965 pro
1443 3879 1554 3965 gradus

401 4088 418 4150 ¹)
437 4089 552 4140 ommim
563 4092 620 4140 sunt
632 4091 702 4139 rerba
714 4091 836 4149 mouentia
854 4102 913 4149 qnae
927 4091 951 4138 in
969 4091 1059 4140 nulnutu
1077 4091 1241 4149 sequebantur,
1260 4093 1285 4138 at
1297 4091 1400 4139 amca
1413 4089 1448 4138 rcl
1467 4091 1555 4136 noua

307 4204 335 4240 aa
353 4189 508 4248 omnisonae
526 4189 556 4238 acl
575 4190 645 4238 rarba
663 4190 750 4238 omissa
768 4189 941 4238 ralambantur:
968 4190 1010 4246 ,et
1029 4189 1130 4246 reliquos
1149 4201 1228 4237 omncs
1247 4190 1307 4244 tuos,
1333 4189 1373 4244 qul
1392 4189 1434 4234 sut
1452 4187 1554 4239 oonsilio.

307 4289 350 4337 ant
368 4287 506 4344 ministcrio,
532 4289 575 4335 aut
592 4287 721 4346 voluntate,
746 4289 789 4336 aut
806 4299 884 4348 opera,
910 4289 952 4335 ant
972 4287 1183 4345 quomodocumque
1209 4285 1278 4332 buius
1303 4285 1386 4345 culpae
1404 4287 1429 4332 ct
1454 4285 1554 4332 criminis

307 4387 435 4447 participes
454 4385 511 4433 lacti
529 4387 591 4443 sunt,
610 4387 652 4432 ant
665 4385 737 4434 atiani
755 4385 869 4446 perhanc
887 4387 1029 4434 occasionem
1048 4387 1072 4432 in
1092 4385 1151 4432 alias
1162 4382 1332 4432 molestatione
1351 4396 1464 4443 personas
1477 4395 1554 4431 munus

307 4483 445 4542 inleccrnnt,
464 4483 556 4532 iniielra
574 4484 699 4546 iusserunt,
718 4483 789 4533 simili
808 4483 875 4533 morlo
894 4481 1032 4532 confitentur
1050 4484 1170 4546 pecatum
1189 4493 1255 4530 sunm
1274 4482 1298 4530 el
1317 4481 1489 4543 pauitantem
