3400 5088
811 520 861 585 72.

561 687 667 746 Matri
692 686 798 758 Regis
822 685 1117 744 christianissimi.

299 843 419 908 Dilecta
440 842 474 906 19
497 839 617 905 Christo
641 840 705 906 filia
728 841 858 906 salutem
881 841 936 905 eto.
982 836 1137 918 Quantum
1154 835 1287 902 dolorem
1310 833 1459 916 acceperi-

211 979 280 1025 mus
302 961 333 1025 91
355 977 447 1043 quam
470 957 573 1022 animo
590 956 737 1022 fuerimus
760 955 980 1040 perturbatior
1002 954 1059 1020 boo
1082 972 1153 1017 casu
1177 951 1283 1017 acerbo
1306 951 1337 1015 91
1358 949 1458 1032 inopi-

211 1077 282 1140 nato
306 1075 357 1159 qui
380 1074 444 1139 lilio
467 1074 520 1138 tuo
543 1071 609 1156 regi
638 1073 883 1155 prestantissimo
907 1073 938 1137 et
960 1071 1048 1136 nobis
1071 1069 1155 1135 omni
1177 1087 1280 1134 amore
1302 1065 1460 1137 carissimo

208 1191 327 1270 99911111,
349 1191 419 1255 tuae
441 1188 619 1273 prudentiae
641 1190 688 1254 991
710 1188 898 1264 9919119999
922 1187 985 1254 sive
1009 1187 1092 1252 enim
1120 1185 1205 1252 illius
1229 1183 1365 1250 studium
1387 1201 1460 1266 argu
1518 1233 1519 1238 1

209 1325 264 1373 noe
287 1309 318 1373 91
340 1304 485 1371 Sanctam
509 1303 618 1371 Sedem
641 1305 848 1388 apostolicam,
879 1305 943 1369 sive
967 1304 1112 1369 virtutem
1134 1303 1225 1385 atque
1248 1300 1386 1366 animum
1409 1297 1457 1364 di-

209 1441 305 1506 gnum
327 1422 382 1488 illo
397 1422 509 1487 honore
532 1440 622 1505 quem
637 1421 771 1505 gerebat,
795 1420 858 1485 sive
873 1437 975 1485 rerum
996 1419 1200 1484 humanarum
1214 1415 1459 1482 imbecillitatem

208 1538 366 1621 veniesque
389 1539 421 1603 et
441 1537 573 1602 incertos
597 1555 685 1602 99999
708 1555 778 1601 cum
801 1537 903 1600 animo
926 1536 1029 1601 nostro
1052 1535 1231 1619 cogitamus,
1261 1531 1364 1598 omnia
1387 1532 1459 1596 9991

207 1653 357 1720 eiusmodi
378 1655 414 1718 nt
435 1670 584 1737 magnum
606 1652 640 1718 in
661 1671 696 1718 eo
719 1651 936 1718 detrimentum
951 1651 1090 1716 videatir
1111 1649 1219 1716 fecisse
1237 1648 1311 1713 baec
1334 1648 1456 1730 aposto-

207 1769 266 1834 lica
290 1766 390 1848 Sedes,
414 1769 445 1834 91
466 1768 608 1834 universa
629 1768 798 1833 9191911999
812 1767 990 1851 respublica.
1036 1765 1101 1831 Nos
1124 1764 1246 1849 quidem
1265 1763 1363 1830 adbuc
1384 1781 1456 1846 pro-

207 1883 369 1968 pemodnm
393 1885 559 1966 stupemus,
583 1901 638 1949 neo
662 1883 738 1949 satis
761 1883 874 1950 mentis
898 1901 1003 1947 snmus
1027 1883 1180 1965 compotes
1203 1900 1272 1946 oum
1295 1877 1458 1962 defigimus

207 1999 422 2083 cogitationem
444 2001 581 2066 nostram
603 1999 637 2064 in
659 1999 797 2065 consiliis
819 1999 932 2064 summi
955 1999 1021 2076 Dei,
1045 1999 1098 2082 qui
1118 1999 1194 2064 haec
1217 2014 1284 2062 rara
1307 1995 1456 2062 9119199-

206 2115 282 2180 bilia
303 2116 481 2201 quaudoque
496 2115 614 2180 evenire
637 2116 718 2192 vult;
741 2117 776 2180 ut
790 2117 828 2182 ab
852 2115 993 2182 omnibus
1008 2115 1201 2200 intelligatur
1223 2131 1317 2180 unam
1339 2111 1456 2178 999919

207 2231 296 2297 rebus
312 2231 455 2296 stabilem
477 2232 507 2296 91
523 2231 654 2310 firmam,
677 2250 753 2316 quae
769 2231 828 2316 ipsi
847 2231 993 2296 tribuitur
1013 2231 1106 2297 fidem
1125 2250 1159 2296 ae
1181 2231 1335 2314 pietatem,
1358 2230 1457 2294 cetera

207 2346 309 2412 omnia
331 2347 446 2412 incerta
469 2345 581 2412 caduca
610 2347 742 2431 fragilia,
772 2347 882 2431 quibus
905 2346 1053 2414 confidere
1083 2365 1172 2412 nemo
1200 2345 1321 2429 sapiens
1351 2345 1457 2428 possit

207 2460 299 2528 Cruius
322 2461 366 2528 rei
395 2462 610 2528 documentum
634 2461 660 2526 91
682 2475 817 2546 unquam
847 2463 940 2543 alias,
969 2482 1050 2528 nuuc
1071 2462 1204 2546 profecto
1234 2461 1403 2526 marimum
1425 2461 1456 2525 91

206 2578 434 2662 apertissimum
456 2577 620 2644 aDomino
644 2579 707 2644 Deo
731 2578 837 2645 datum
860 2583 914 2644 est.
962 2577 1019 2646 Sed
1043 2577 1224 2644 tamenetsi
1246 2597 1294 2643 res
1317 2577 1456 2642 luctuosa

205 2695 236 2760 91
258 2694 382 2760 acerbus
406 2695 454 2759 991
476 2693 568 2772 dolor,
591 2713 681 2778 quem
704 2697 734 2760 19
758 2696 888 2760 matrem
911 2695 1214 2779 indulgentissimam
1236 2713 1291 2777 pro
1313 2693 1369 2759 1911
1391 2693 1456 2758 filio

206 2810 339 2893 accipere
361 2829 482 2876 9999999
506 2811 561 2888 est,
585 2809 671 2874 99199
694 2810 788 2875 etiam
811 2829 865 2875 nos
889 2811 1097 2876 calamitatem
1119 2811 1218 2894 patrio
1241 2827 1356 2875 merore
1382 2828 1453 2893 pro-

206 2925 373 3009 sequimun
389 2927 526 2991 attamen
541 2924 599 2990 tibi
614 2924 872 3008 prudentissimae
882 2928 914 2991 91
929 2926 1179 3010 religiosissimae
1195 2925 1344 2991 foeminae
1353 2925 1454 2990 omnis

204 3041 284 3107 tanti
305 3039 419 3106 doloris
450 3040 560 3106 levatio
584 3040 751 3107 abeodem
780 3041 847 3124 ipso
869 3042 934 3108 Deo
964 3041 1094 3125 petenda
1116 3043 1171 3108 991.
1217 3041 1274 3108 Ille
1298 3038 1452 3106 99119111-

205 3157 305 3241 sponit
327 3176 375 3222 res
399 3158 519 3222 nostras
550 3155 715 3222 secundum
744 3157 940 3224 altitudinem
970 3157 1148 3224 divitiarum
1177 3157 1298 3223 consilii
1321 3157 1377 3234 sni,
1402 3175 1454 3239 per

203 3291 292 3356 quem
315 3291 391 3355 quae
406 3271 494 3336 nobis
518 3289 606 3354 saepe
621 3290 728 3354 aspera
750 3273 781 3336 91
802 3272 1007 3338 intolerabilia
1022 3273 1170 3353 videntur,
1194 3274 1298 3340 eadem
1321 3273 1454 3357 proficua

202 3389 234 3454 et
256 3388 402 3453 salutaria
426 3387 506 3464 eunt,
530 3385 680 3470 siquidem
702 3387 802 3452 multa
825 3388 965 3454 sensibus
988 3391 1101 3455 nostris
1132 3389 1238 3473 gravia
1260 3389 1400 3454 incidunt
1421 3392 1452 3455 et

201 3505 339 3583 molesta,
361 3521 437 3586 quaa
457 3502 564 3569 eadem
586 3503 746 3570 animabus
770 3503 899 3569 afferunt
922 3506 1067 3581 salutem3
1091 3505 1175 3571 omni
1190 3506 1272 3572 enim
1286 3506 1399 3572 bonore
1421 3510 1452 3574 et

201 3619 351 3704 dignitate
373 3619 464 3684 huius
480 3617 587 3684 muudi
603 3619 685 3685 salus
708 3619 828 3685 animae
851 3620 948 3686 multo
971 3623 1019 3686 est
1033 3622 1244 3705 praestantior,
1267 3641 1359 3706 quam
1381 3643 1450 3688 ma·

201 3736 281 3800 xime
303 3734 390 3801 affert
412 3735 443 3800 91
465 3735 620 3818 comparat
643 3735 799 3818 patientia,
830 3736 917 3802 cuius
938 3737 1039 3802 omnis
1063 3737 1142 3804 actio
1165 3739 1255 3822 atque
1278 3738 1452 3805 exercitatio

201 3849 233 3915 19
256 3851 345 3917 rebus
368 3849 504 3916 adversis
526 3850 665 3917 cernitur.
711 3853 811 3935 Atque
834 3852 908 3918 haec
930 3872 984 3918 nos
1009 3873 1069 3920 999
1091 3854 1158 3919 ideo
1183 3853 1354 3935 scribimus,
1377 3854 1451 3939 quin

201 3966 366 4032 maximam
390 3983 476 4049 spem
497 3965 674 4044 habeamus,
703 3967 856 4033 etlilium
879 3967 1041 4052 aliqnando
1065 3969 1131 4048 tibi,
1161 3972 1192 4036 91
1214 3989 1307 4054 regno
1331 3967 1450 4038 Galliae

200 4101 304 4167 regem
319 4101 417 4161 suum,
440 4083 472 4146 et
485 4080 572 4148 nobis
589 4101 624 4146 ac
640 4081 710 4148 Sodi
733 4083 916 4167 apostolicae
931 4085 1159 4151 nobilissimum
1174 4085 1342 4171 principem
1357 4087 1449 4152 resti·

200 4199 302 4264 tntum
323 4197 371 4276 iri,
393 4215 486 4282 quam
509 4215 595 4281 spem
617 4197 650 4263 in
672 4199 760 4264 nobis
783 4201 815 4265 91
828 4199 887 4267 Dei
910 4200 1030 4266 bonitas
1053 4220 1088 4266 99
1110 4201 1300 4285 providentia
1322 4199 1447 4268 91099-
1495 4285 1498 4296 Ι

201 4313 278 4380 soris
300 4312 476 4399 benignitas
506 4311 593 4378 valde
616 4314 790 4394 confirmat,
821 4315 874 4382 sed
897 4317 932 4382 ut
960 4316 1154 4384 nobilitatem
1183 4318 1270 4384 tuam
1298 4316 1449 4402 patienter

198 4430 280 4498 hunc
301 4449 406 4496 casim
428 4427 559 4510 ferendo,
582 4431 672 4515 atque
694 4429 755 4515 ipsi
776 4430 840 4498 Deo
870 4431 950 4498 ultro
971 4433 1088 4518 gratias
1111 4433 1236 4519 agendo,
1266 4452 1446 4519 omnemque
