3380 5088
796 319 1040 393 -292-

289 517 491 602 involvantur,
514 517 574 589 luit
595 519 669 590 hoeo
692 537 744 590 ora
765 519 829 590 iam
858 521 1091 610 quadriennium
1121 520 1204 610 (Diis
1226 517 1412 612 volentibus)
1442 521 1540 610 posti-

289 639 388 708 loneia
410 641 516 707 aoerbe
538 639 667 716 affiicta3
689 659 771 707 nuno
784 657 853 706 vero
876 639 1030 708 inauditae
1044 640 1165 707 telluris
1182 641 1345 720 sterilitas3
1368 641 1543 724 supervenit

288 756 434 823 militaris
460 756 635 840 importuna
663 756 827 841 oppressio,
849 757 972 822 tentum
995 775 1148 823 armorum
1170 759 1266 824 terror
1289 756 1444 842 tutarique
1465 775 1539 824 eon-

290 871 391 940 fliotus
414 873 519 938 horror
547 873 662 957 atquo
685 889 741 938 nos
770 873 925 938 vertamus
949 871 1024 959 (nisi
1046 872 1119 958 quid
1141 871 1195 938 Dii
1215 871 1395 957 respioiunt)
1418 873 1540 958 ponitus

289 988 465 1072 ignoremus
488 1005 524 1055 ao
545 988 725 1054 nesciamus.

380 1102 479 1185 Quare
494 1103 649 1189 provinoia
671 1103 760 1171 nobis
776 1105 964 1170 nontermino
986 1104 1049 1170 iam
1064 1122 1188 1189 prorsus
1203 1104 1322 1189 perdita
1344 1105 1424 1172 nihil
1439 1106 1540 1188 magis

152 1262 156 1271 ·
290 1240 382 1306 quarn
397 1220 489 1288 buius
504 1220 642 1287 venusini
664 1220 828 1287 comitatus
843 1220 1086 1287 devastationem
1101 1223 1132 1286 ot
1146 1220 1311 1288 mulierum
1327 1224 1432 1306 stupra
1446 1221 1539 1309 (quod

289 1339 344 1402 tua
366 1335 505 1422 dignatio
527 1337 559 1401 et
580 1335 633 1402 Dii
664 1333 860 1422 prohibeant)
890 1337 978 1402 nobis
1007 1334 1179 1403 timendum
1210 1338 1265 1403 est
1311 1337 1419 1423 Itaque
1447 1355 1540 1421 quam

288 1452 516 1519 modestissime
544 1470 698 1536 rogamus,
724 1470 742 1518 o
765 1452 900 1536 pontifex
916 1471 1043 1531 summe,
1066 1471 1104 1518 ne
1127 1452 1321 1537 synoeritatis
1343 1455 1422 1532 tuae,
1452 1453 1540 1518 nobie

287 1569 333 1634 ita
356 1569 549 1654 sperantibus
572 1567 653 1634 desit
675 1567 831 1634 auxilium.

335 1709 337 1714 ’
378 1685 524 1769 velisque
553 1683 641 1750 nobis
664 1682 744 1767 apud
773 1681 967 1750 maiestatem
996 1683 1079 1768 ragis
1102 1681 1274 1750 Galliarum
1303 1685 1393 1768 atque
1420 1683 1540 1751 advorsi

288 1801 435 1866 exereitus
458 1799 565 1866 dnoom
588 1798 672 1864 brevi
695 1799 808 1883 soripto
835 1797 1045 1865 commendare
1068 1818 1106 1865 ne
1127 1802 1214 1885 parte
1236 1799 1360 1866 viatrioo
1383 1819 1435 1865 seu
1459 1800 1540 1866 vieta

279 1915 442 1982 'hostiliter
463 1917 534 1982 tuae
549 1913 675 1982 ditionis
698 1915 861 1980 eomitatus
876 1914 1067 1981 Venasoinus
1091 1914 1238 2000 spolietur
1259 1915 1461 2000 praedamque
1475 1915 1538 1984 im·

287 2032 348 2117 piis
370 2031 523 2098 militibus
545 2031 664 2097 existat

377 2145 465 2228 Quod
487 2147 659 2213 obtinentes
682 2146 716 2212 in
745 2146 835 2212 hores
859 2145 961 2230 magis
983 2147 1075 2230 atque
1103 2145 1205 2230 magis
1227 2145 1267 2210 ad
1290 2165 1445 2213 summum
1468 2166 1536 2213 orn-

143 2296 146 2305 ·
288 2262 374 2330 nium
397 2281 498 2330 rerum
520 2264 639 2348 patrem
662 2263 795 2329 humiles
817 2280 920 2347 preooa
949 2261 1063 2346 iugiter
1085 2261 1247 2328 fundemus
1269 2281 1308 2329 no
1331 2261 1379 2328 sui
1401 2261 1538 2328 numinis

235 2426 237 2434 -
288 2379 450 2446 elementia
464 2376 652 2446 Clementem
675 2379 802 2445 deserat.
826 2378 911 2445 Vale.
935 2375 1145 2462 Carpentorati
1167 2377 1264 2462 pridie
1286 2396 1382 2444 nonas
1405 2377 1538 2446 sextiles.

878 2642 951 2708 221.

538 2805 713 2868 Consules
735 2807 1002 2866 Avenlonenses
1025 2805 1197 2866 Clementi
1220 2805 1293 2866 v11.

723 2916 810 3003 (litt
833 2915 926 3000 prino.
949 2916 990 2982 II.
1014 2913 1103 3002 255).

755 3031 800 3119 (7.
814 3031 948 3116 Augusti
965 3031 1074 3118 1524).

374 3193 555 3279 Aooopimus
568 3192 747 3262 beatissime
759 3194 853 3277 pater,
867 3191 1083 3260 comitatenses
1091 3193 1187 3260 vestri
1194 3163 1358 3261 eomitatus
1367 3193 1536 3280 Venaysini
1675 3179 1676 3188 ἵ

285 3309 386 3377 nesmo
409 3308 482 3395 quid
504 3309 575 3377 nori
597 3309 721 3376 molitos
743 3307 838 3374 fuisse
860 3327 933 3393 erga
957 3327 980 3374 s.
997 3327 1023 3374 v.
1039 3310 1144 3375 eontra
1158 3309 1273 3376 Jndsos
1294 3309 1461 3377 inoolentes
1483 3309 1533 3376 di·

284 3427 369 3492 otnm
384 3425 572 3506 eomitatnm‚
595 3444 633 3491 ne
649 3424 914 3491 soiliootaoetero
931 3424 1060 3491 mereari
1074 3425 1194 3509 possint
1216 3425 1299 3492 etad
1315 3445 1534 3510 quemeumque
1675 3441 1676 3454 ³

283 3543 422 3608 nostrum
452 3541 682 3608 eomitatensom
711 3540 774 3625 ipsi
795 3540 833 3606 de
854 3540 916 3606 hiis
939 3539 972 3606 in
995 3541 1105 3625 quibus
1128 3541 1192 3606 illis
1222 3543 1364 3608 tenentur
1386 3541 1425 3607 ad
1448 3542 1532 3608 solu-

282 3657 396 3724 tionem
419 3657 488 3743 oogi
510 3676 570 3724 non
592 3657 726 3741 possint;
758 3656 839 3742 quod
862 3656 890 3720 si
912 3655 1103 3723 obtinuerint
1125 3657 1163 3722 ab
1186 3676 1211 3723 e.
1233 3677 1256 3723 s.
1272 3676 1299 3723 r.
1320 3657 1439 3724 eederet
1460 3675 1531 3740 pro·

281 3773 360 3840 isoio
374 3774 407 3840 in
422 3773 538 3858 grands
551 3773 643 3839 buius
658 3774 758 3839 vostre
773 3772 908 3838 civitatis
923 3772 1139 3839 Ariniouensis
1162 3791 1198 3839 aa
1212 3773 1381 3840 incolarum
1396 3773 1532 3840 eiusdem

280 3887 449 3973 dampnum
471 3891 503 3955 et
528 3888 729 3974 preindioinm
758 3907 819 3954 non
848 3887 1017 3966 modicum
1047 3889 1128 3954 oives
1151 3907 1281 3972 namque
1305 3888 1399 3956 rastri
1427 3907 1532 3955 eornm

280 4003 392 4070 debitis
414 4005 641 4070 frustrarentur.
687 4003 893 4070 Obseoramus
914 4002 1011 4088 igitur
1032 4022 1057 4069 e.
1080 4022 1108 4069 r.
1132 4023 1155 4069 s.
1181 4004 1215 4070 ut
1237 4023 1292 4089 pro
1320 4024 1373 4071 sue
1395 4003 1531 4070 divitatis

278 4119 505 4186 oouserratione
526 4118 670 4205 dignetur
691 4141 715 4187 e.
732 4140 755 4186 a.
770 4140 798 4186 v.
814 4118 928 4185 Judeos
950 4119 1034 4203 ipsos
1055 4119 1089 4185 in
1111 4119 1238 4204 antiqua
1260 4139 1364 4187 eornm
1387 4119 1530 4186 libertato

279 4236 311 4300 et
332 4235 548 4302 consuetudine
570 4235 753 4320 relinquere;
785 4234 920 4320 alioquin
942 4234 1077 4302 diritatis
1100 4236 1200 4302 vestre
1229 4235 1447 4302 mercatoribus
1469 4253 1531 4301 non

278 4368 387 4434 pamm
408 4351 692 4419 inmmmodabitur.
737 4349 887 4418 Avenioni
909 4350 960 4418 vii
982 4350 1117 4435 Augusti
1140 4351 1266 4438 (1524).

700 4466 877 4536 Humillimi
900 4465 1015 4534 subditi
1037 4465 1182 4534 Consules
1205 4467 1438 4534 Arenionenses.
