3400 5088
748 342 992 408 —133-

243 559 298 607 nos
321 540 469 624 quantum
492 538 672 605 auctoritate
695 537 775 622 apud
797 539 895 617 illum,
923 537 1071 620 quantum
1094 535 1174 620 apud
1197 536 1297 602 Deum
1318 534 1494 600 humilitate

243 654 418 740 poterimus,
442 653 643 738 expendemus
665 655 796 721 libenter
818 655 851 719 in
873 652 1114 737 deprecationem
1145 651 1253 717 salutis
1276 653 1307 717 11
1328 650 1491 716 incolumi-

242 771 316 837 tatis
339 771 409 836 tuae
431 790 592 854 rerumque
620 771 752 850 tuamm,
783 789 818 836 ac
840 771 898 836 lilii
920 769 967 835 tui
995 769 1216 834 liberationem.
1263 765 1350 848 Quod
1378 766 1492 833 maiore

242 887 335 954 etiam
358 906 429 953 cum
452 906 505 971 spa
526 884 585 951 tibi
606 885 793 970 pollicemur,
816 885 887 969 quia
911 885 1104 952 sanctissimo
1127 887 1158 951 et
1172 883 1352 950 fidelissimo
1374 882 1492 950 foedare

240 1022 311 1069 cum
333 1003 399 1086 ipsc
422 1000 549 1068 Caesare
578 1002 746 1081 coniuncti,
775 1001 845 1084 plus
873 1001 1055 1068 habebimus
1084 1000 1164 1086 apud
1193 1020 1263 1067 eum
1293 998 1493 1077 austeritatis,

214 1161 217 1168 .
241 1117 360 1203 quando
384 1135 518 1202 eaquae
547 1117 668 1202 egimus
691 1117 863 1183 communis
894 1116 1004 1182 salutis
1027 1119 1058 1182 11
1080 1117 1164 1201 pacis
1193 1135 1284 1182 causa
1307 1115 1436 1200 egimus,
1458 1113 1492 1178 in

240 1251 299 1318 qua
321 1233 416 1300 etiam
432 1234 514 1300 salus
529 1235 561 1301 11
582 1231 778 1300 incolumitas
800 1235 854 1298 tua
869 1233 1081 1314 continebitur,
1104 1234 1190 1299 cuins
1206 1251 1310 1298 curam
1333 1231 1366 1297 in
1389 1230 1491 1297 animo

240 1350 342 1416 nostro
365 1352 397 1416 et
425 1350 642 1435 cogitationem
671 1348 846 1435 precipuum
868 1350 1033 1428 habemus,
1063 1349 1146 1416 sicut
1167 1369 1215 1414 res
1237 1349 1305 1433 ipsa
1327 1349 1359 1414 11
1386 1348 1492 1414 nostra

239 1467 323 1534 velut
344 1465 417 1532 boni
432 1468 463 1533 11
477 1465 566 1551 acqui
580 1465 677 1550 patris
693 1484 728 1532 ac
749 1465 902 1550 pontificis
925 1467 1066 1532 voluntas
1088 1468 1179 1550 atquc
1194 1482 1284 1550 opera
1301 1465 1335 1530 in
1349 1464 1491 1531 omnibus

240 1580 386 1648 ostendet.
432 1583 548 1648 Datum
570 1581 686 1649 Romae
707 1581 797 1648 xxvii
819 1580 937 1665 Aprilis
959 1581 1078 1649 mdxxv.
1123 1582 1212 1648 Anno
1236 1579 1374 1647 secundo.

779 1812 948 1880 Caesari

327 1943 387 2023 P'ro
402 1957 618 2024 Francischino
633 1955 670 2023 de
686 1954 810 2042 Caymis
833 1956 997 2023 camerario
1013 1957 1128 2040 Papam
1152 1957 1186 2022 ut
1202 1955 1327 2022 mandet
1349 1953 1491 2039 cognosci

238 2091 273 2138 ac
296 2073 390 2138 statui
413 2072 486 2157 quid
507 2072 583 2138 iuris
606 2071 643 2139 de
672 2075 807 2156 prioratu
831 2071 860 2140 S.
884 2071 1076 2140 Christianae
1098 2071 1221 2140 Oscens.
1251 2070 1326 2138 dioc.
1349 2069 1434 2137 orci·
1459 2067 1489 2136 S.

240 2188 407 2273 Augustini
428 2209 464 2254 ac
486 2188 623 2254 Bailiatu
646 2186 675 2255 S.
700 2187 847 2272 Stephani
874 2187 936 2256 ord.
968 2187 997 2255 S.
1021 2189 1150 2256 Joannis
1180 2185 1490 2256 Hierosolomitania

236 2304 346 2389 quibus
361 2304 543 2384 obtinendis,
566 2304 704 2390 opposito
720 2303 841 2371 Casaris
864 2305 928 2372 iure
951 2307 1138 2390 patronatus,
1157 2304 1239 2371 idam
1254 2301 1489 2370 lhancischinns

235 2419 459 2506 prohibebatur.

836 2657 887 2722 98.

765 2818 957 2879 Caesena

323 2971 427 3041 Car.¹1¹⁰
449 2971 483 3038 in
505 2971 627 3038 Christo
649 2973 695 3038 tili
718 2975 821 3039 noster
843 2975 898 3040 etc.
945 2972 1021 3039 Cum
1050 2975 1220 3058 legeremus
1250 2973 1370 3039 litteras
1394 2975 1484 3037 sentit

232 3092 302 3156 tuae
317 3088 367 3156 die
382 3089 490 3172 quarta
505 3088 622 3172 Aprilis
645 3088 733 3156 datas
756 3091 862 3173 plenas
885 3090 1060 3174 sapientise,
1083 3089 1294 3188 humanitatis,
1318 3087 1484 3173 religionis,

230 3226 292 3273 non
321 3224 483 3290 possumus
516 3207 615 3271 tacere
647 3207 795 3289 quantum
827 3205 899 3272 illae
929 3207 1041 3272 amoris
1070 3207 1101 3270 et
1130 3205 1341 3271 admirationis
1371 3204 1408 3270 de
1431 3206 1484 3270 tua

230 3321 347 3406 optima
369 3340 404 3387 ac
418 3320 684 3406 praestantissima
699 3323 802 3388 mente
817 3341 852 3388 ac
874 3323 983 3388 1111111
1005 3323 1039 3388 in
1053 3322 1142 3388 nobis
1158 3321 1370 3397 excitaverint3
1386 3338 1484 3404 neque

229 3439 334 3503 tumen
362 3455 525 3521 possumus
547 3435 580 3502 id
602 3435 683 3521 quod
712 3437 815 3504 animo
847 3440 1025 3522 conseptum
1056 3438 1213 3517 habemns,
1243 3438 1313 3520 apta
1343 3435 1481 3515 scribere,
1591 3533 1593 3541 Ι

228 3552 344 3620 maiora
366 3552 449 3619 enim
465 3553 537 3618 sunt
559 3553 670 3632 omnia,
694 3572 786 3636 quam
808 3555 844 3619 ut
858 3554 959 3620 vorbis
982 3555 1036 3619 aut
1058 3553 1170 3620 litteris
1185 3553 1307 3637 possint
1328 3551 1481 3636 explicari.

228 3668 309 3736 lllud
331 3668 454 3754 quidem
477 3668 537 3734 luit
559 3668 675 3735 factum
698 3671 733 3736 ut
755 3689 825 3735 cnm
848 3669 919 3735 illas
942 3671 975 3735 in
999 3689 1083 3736 sacro
1106 3669 1285 3736 consistorio
1303 3669 1407 3735 nostro
1430 3687 1479 3734 ra·

228 3785 315 3851 citari
337 3784 542 3864 iussissemus‚
572 3784 709 3850 omnium
742 3785 881 3869 opinione
910 3787 942 3851 11
965 3786 1116 3852 sententia
1145 3785 1353 3852 decomorotur
1375 3789 1480 3850 seram

229 3900 312 3966 tuam
336 3919 406 3966 cum
428 3897 649 3980 Constantinis,
679 3899 805 3980 Carolis,
836 3901 1008 3968 Othonibus
1031 3902 1217 3987 caeterisque
1240 3900 1369 3967 vetustis
1391 3900 1478 3985 prin·

228 4013 345 4100 cipibus
367 4015 576 4083 Romanorum
597 4015 841 4099 imperatoribus,
865 4016 918 4101 qui
938 4020 1061 4101 propter
1085 4037 1171 4084 suam
1194 4017 1345 4083 inlisum
1368 4016 1399 4083 ot
1421 4015 1479 4082 Dei

227 4151 371 4215 sponsam
385 4130 555 4198 Ecclesiam
577 4129 723 4214 pietatem
739 4132 1023 4217 observantiamque
1037 4134 1245 4202 immortalem
1260 4131 1391 4218 gloriam
1410 4151 1477 4198 me·

224 4247 368 4327 ruissent,
398 4265 461 4314 non
490 4247 589 4312 solnm
618 4247 807 4331 aequandam
838 4267 913 4329 1111,
943 4249 997 4315 sed
1024 4249 1088 4315 illis
1118 4251 1212 4316 stiam
1239 4248 1476 4334 praeferendam,

223 4363 347 4428 11111111
368 4361 402 4428 in
424 4361 566 4429 omnibus
590 4361 680 4428 dictis
703 4362 774 4442 tuis,
797 4363 947 4449 factisque
970 4367 1096 4450 apparet
1117 4368 1148 4433 st
1169 4366 1326 4446 bonitatis,
1349 4383 1385 4430 ac
1407 4382 1474 4429 mo·

223 4477 388 4546 deraticnis
411 4479 442 4545 11
464 4477 651 4546 incredibilis
673 4479 851 4565 prudentiae
874 4481 1035 4567 specimen,
1059 4499 1135 4568 quae
1158 4483 1205 4550 cst
1228 4481 1381 4551 11111111
1402 4499 1473 4568 pcr-
