3400 5088
775 285 998 354 ..32-

347 481 486 566 Reliquis
513 481 630 549 duobus
653 483 832 550 centonibus
861 483 1044 549 anchoram
1072 483 1235 568 incipiatur
1259 483 1337 550 Oum
1360 489 1399 550 ab
1421 487 1509 550 initio

258 599 289 664 et
311 597 427 682 reliqua
449 598 555 666 eadem
578 601 691 682 postea.

822 713 946 802 (Foris).

543 832 631 896 Anno
655 829 784 895 secundo
806 830 925 896 mdrxv.
972 831 1128 897 Februarii
1150 831 1224 898 xiiii.

282 945 393 1012 Tribus
416 946 504 1048 pagis
526 967 581 1011 seu
604 946 784 1012 centonibus
808 945 1017 1012 Helvetiorum
1041 946 1223 1012 Lntheranis
1246 966 1300 1031 pro
1318 947 1476 1013 Verulano.
1604 1009 1609 1016 .

856 1205 908 1272 55.

723 1373 902 1446 Episcopo
926 1411 936 1431 .
958 1411 968 1432 .
992 1412 1001 1432 .
1025 1413 1034 1432 .

341 1525 533 1593 Venerabilis
548 1526 649 1593 frater.
683 1524 761 1592 (lum
776 1525 969 1591 mitteremus
984 1543 1074 1593 ven,m
1096 1527 1222 1592 fratrem
1238 1527 1370 1596 Ennium
1386 1529 1504 1612 episce-

250 1663 324 1727 pum
339 1643 528 1710 Verulanum
543 1643 688 1708 nuncium
704 1643 842 1707 nostrum
862 1641 902 1706 ad
916 1641 1074 1708 Helvetios
1095 1643 1233 1727 ipsorum
1256 1644 1336 1710 inter
1351 1663 1383 1711 ee
1398 1663 1503 1730 parem

250 1759 341 1844 atque
357 1759 548 1827 concordiam
564 1761 687 1842 atquae
704 1757 743 1822 ad
759 1755 934 1823 libertatem
955 1757 1193 1824 ecclesiasticam
1208 1759 1363 1843 pertinent
1378 1763 1502 1826 curatu-

249 1895 326 1957 rum,
341 1875 555 1942 mandavimus
570 1874 599 1939 ei
608 1875 721 1938 utcurn
736 1873 926 1938 fraternitate
941 1875 995 1938 tua
1004 1874 1105 1939 verbis
1120 1875 1234 1940 nostris
1244 1877 1348 1960 ageret
1357 1876 1503 1942 nonnulla

248 1991 279 2056 et
302 1991 521 2076 colloqueretur
543 2008 619 2073 qnae
635 1987 693 2054 tibi
715 2007 769 2072 pro
785 1989 908 2053 honoris
932 1989 978 2054 tui
993 1989 1092 2055 officio
1116 1990 1188 2055 sunt
1203 1989 1231 2056 ei
1246 1991 1392 2068 curanda3
1415 1992 1501 2057 cuius

248 2124 304 2172 noe
333 2106 480 2172 virtutem
513 2105 544 2170 et
573 2103 766 2189 prudentiam
799 2105 874 2169 bene
898 2106 1003 2169 notem
1032 2104 1195 2182 habemus3
1219 2105 1391 2173 hortamnr‘
1406 2109 1502 2191 igitur

246 2221 374 2288 eandem
396 2223 481 2287 tuam
496 2220 721 2286 fraternitatem
744 2220 776 2284 in
792 2219 923 2285 Domino
937 2221 973 2284 ut
995 2219 1095 2303 ipsum
1112 2221 1287 2306 episcopum
1303 2224 1500 2301 Verulanum,

247 2337 299 2421 qui
321 2337 409 2404 nobie
433 2355 553 2402 summe
575 2355 610 2401 ex
632 2335 717 2401 omni
745 2337 831 2418 parte
853 2335 998 2418 probatus
1021 2338 1077 2414 est,
1100 2335 1264 2420 diligenter
1286 2338 1390 2406 audire
1413 2339 1500 2423 eique

246 2453 300 2520 ubi
321 2472 396 2537 opus
420 2452 562 2518 acciderit
590 2451 675 2517 omni
704 2452 757 2517 tua
780 2469 843 2534 ope,
873 2469 971 2533 opera,
1001 2451 1113 2516 auxilio
1142 2451 1242 2517 fauere
1273 2455 1365 2537 atque
1393 2453 1499 2520 adesse

245 2569 330 2649 velie,
352 2569 432 2654 quod
454 2567 567 2636 efficies
590 2567 677 2633 nobie
693 2585 884 2650 summopere
906 2553 1030 2651 gratun'r
1052 2570 1083 2632 et
1106 2566 1290 2633 fratemitat'
1307 2570 1377 2634 tuae
1399 2569 1497 2635 hono·
1588 2567 1593 2578 '

242 2686 328 2770 rique
357 2685 560 2752 ecclesiastico
588 2683 742 2767 imprimis
776 2684 1020 2748 consentaneum.
1074 2683 1188 2748 Datum
1219 2683 1334 2750 Romam
1363 2685 1419 2751 etc.
1449 2685 1499 2751 die

244 2801 317 2867 xiiii.
341 2801 497 2867 Februarii
520 2799 637 2868 mdxxv.
683 2801 771 2864 Anno
796 2797 934 2865 secundo.

808 2913 931 2999 (Foris).

527 3031 616 3097 Anno
640 3029 769 3096 secundo
793 3028 911 3094 mdxrv.
958 3028 1115 3094 Februarii
1139 3029 1212 3094 xiiii

483 3147 661 3232 Episcopo.
685 3199 692 3211 .
717 3198 723 3211 .
748 3197 754 3210 .
778 3144 817 3210 ad
840 3143 997 3210 Helvetios
1020 3162 1074 3227 pro
1098 3143 1257 3210 Verulano.

838 3405 890 3472 56.

703 3571 841 3632 Dilecto
863 3571 936 3630 fillo
961 3611 970 3630 .
994 3611 1035 3630 ..

325 3738 366 3797 A.
404 3730 523 3797 Dilecto
538 3727 592 3794 fili.
624 3727 701 3793 Cum
717 3726 909 3792 mitteremus
919 3741 1008 3790 ren.m
1031 3723 1157 3788 fratrem
1166 3723 1300 3790 llnnium
1315 3726 1490 3811 episcopum

237 3849 424 3916 Verulanum
439 3844 584 3911 nuncium
607 3845 746 3908 nostrum
769 3841 809 3906 ad
825 3841 980 3908 Helvetios
995 3840 1030 3904 ut
1044 3839 1287 3906 coniunctionem
1305 3859 1381 3924 quae
1403 3842 1491 3907 nobis

235 3966 266 4032 et
281 3963 353 4030 huic
368 3961 438 4028 ΒΜ
455 3959 526 4026 Sodi
548 3957 731 4042 apostolicae
753 3976 821 4022 cum
839 3957 900 4021 ista
921 3955 1035 4021 invicte
1057 3955 1179 4022 natione
1202 3955 1364 4022 intercedit
1377 3957 1490 4022 confir·

235 4080 335 4146 maret
355 4079 388 4143 et
409 4077 574 4154 renovaret
598 4091 725 4157 eamque
747 4091 840 4157 quam
855 4071 892 4136 de
914 4071 1038 4136 illorum
1055 4070 1155 4136 salute
1177 4071 1243 4136 tam
1259 4073 1382 4137 aeterna
1398 4091 1490 4155 quam

232 4192 393 4278 temporali
422 4209 527 4257 curam
549 4191 581 4256 et
603 4188 820 4273 cogitationem
850 4185 988 4269 capimus
1018 4185 1062 4250 eis
1085 4184 1241 4267 indicaret
1272 4189 1489 4271 cognoscentes

233 4307 398 4394 separatim
413 4307 558 4371 virtutem
582 4307 668 4370 tuam
684 4305 716 4369 et
731 4304 869 4368 animum
891 4301 926 4366 in
940 4299 1031 4366 huius
1048 4298 1176 4366 Sanctae
1193 4299 1280 4367 Sedis
1303 4301 1489 4386 dlgnitatem

231 4442 423 4509 propensum
439 4421 485 4487 illi
503 4420 717 4486 mandavimus
734 4421 769 4483 ut
785 4420 887 4482 tecum
903 4417 1005 4501 aliqua
1021 4415 1134 4481 nostrie
1150 4415 1251 4480 verbis
1267 4417 1489 4502 colloqueretur
