3396 5090
678 377 923 446 -193-

172 573 285 640 tentias
300 574 387 640 vobis
410 572 529 640 iuvere
551 573 610 639 fido
632 573 754 656 petrum
769 573 940 639 vostrorum
954 571 1045 652 natis,
1067 572 1099 638 et
1113 571 1248 638 educetis
1269 572 1425 657 potuerint

172 689 374 774 comprobare.
420 688 507 771 Quod
532 689 559 754 si
581 689 621 769 id,
645 688 724 774 quod
746 689 830 754 Deus
859 688 985 768 evertat,
1015 687 1049 753 in
1069 687 1120 754 bis
1143 688 1229 754 novis
1259 690 1290 754 et
1317 688 1424 773 impiis

173 805 325 874 erroribus
347 807 484 890 perstare
505 805 696 889 propositum
718 804 804 870 vobis
827 803 990 882 haberetis,
1013 802 1162 888 quomodo
1185 822 1344 887 possemus
1368 823 1424 872 nos

172 940 234 988 non
257 922 356 987 solum
379 939 451 1006 ergo
473 939 527 987 vos
549 920 597 986 uti
618 919 811 1000 liberalitate,
835 918 888 986 sed
909 919 1053 1006 pecunias
1075 919 1165 999 ullas,
1188 919 1282 985 etiam
1305 919 1333 985 si
1354 939 1423 985 me·

173 1037 253 1103 xime
275 1037 362 1103 vobis
384 1036 504 1103 debitae
526 1038 637 1116 essent,
658 1035 740 1102 iuste
762 1035 793 1102 et
814 1035 864 1119 pie
885 1036 1076 1118 persolvere?
1101 1054 1171 1100 cum
1193 1035 1302 1101 alienis
1325 1055 1343 1102 e
1366 1035 1425 1102 fide

174 1157 266 1232 reeta,
288 1171 344 1220 nec
366 1172 444 1238 quae
464 1151 601 1237 ipsorum
623 1151 747 1237 quidem
774 1149 874 1234 patrie
896 1152 928 1217 et
950 1151 1034 1217 evita
1061 1151 1141 1217 bona
1164 1153 1244 1229 sunt,
1273 1151 1338 1218 illis
1360 1151 1425 1217 iure

173 1268 305 1352 relinqui
327 1268 463 1335 debeant.
510 1265 570 1334 Sod
593 1268 621 1334 si
643 1285 696 1334 vos
718 1267 777 1333 filii
791 1266 896 1333 dilecti
917 1285 1046 1351 quorum
1069 1285 1157 1353 saepe
1180 1268 1287 1347 virtus,
1309 1269 1341 1334 ot
1354 1266 1427 1334 fidei

174 1382 303 1451 Sanctae
319 1381 435 1450 Christi
456 1384 488 1450 st
510 1383 692 1467 apostelicae
708 1381 796 1449 Sedis
819 1382 879 1448 tuit
893 1381 1068 1448 adiumento
1090 1382 1211 1449 reiectis
1233 1383 1424 1467 1111111111-

174 1499 294 1566 soribns
316 1498 355 1564 ad
378 1500 495 1565 reotum
516 1498 695 1565 institutum
717 1499 835 1564 vestrae
857 1497 1043 1564 fortissimae
1066 1497 1199 1564 nationis
1225 1496 1344 1564 in-Deo
1368 1498 1426 1565 rite

174 1613 298 1681 colendo
328 1615 360 1680 et
381 1613 493 1680 vicario
523 1613 646 1695 Christi,
675 1613 791 1698 hacque
821 1612 897 1680 Sede
920 1611 1033 1680 Sancta
1061 1614 1231 1680 venerenda
1254 1615 1426 1681 voluntates

116 1731 119 1736 '
174 1732 292 1797 vestras
316 1749 481 1815 sensusque
513 1729 696 1806 retuleritis;
728 1730 801 1795 tuno
823 1747 885 1796 non
915 1727 1005 1796 modo
1035 1729 1122 1796 vobis
1152 1728 1342 1815 supradictae
1371 1749 1425 1816 pe-

177 1843 284 1914 cuniae
315 1845 519 1913 libentissimo
548 1845 772 1931 persolventur,
802 1844 855 1912 sed
884 1863 1009 1910 suarum
1037 1863 1139 1911 rorum
1168 1845 1306 1912 omnium
1334 1844 1427 1914 Sedes

175 1961 340 2046 apostolica
362 1961 393 2028 et
414 1981 471 2029 nos
492 1961 526 2028 in
548 1961 661 2028 virtute
682 1961 786 2028 uestra
808 1980 903 2047 spem,
933 1959 1164 2046 subsidiumque
1192 1980 1281 2028 omno
1310 1962 1426 2029 consti·

175 2077 305 2144 tuemus.
344 2075 430 2156 Quod
452 2076 488 2144 ut
509 2076 631 2143 leontis
646 2077 871 2164 consulatisqne
886 2077 1005 2143 vestroe
1019 2079 1181 2162 perpetuae
1195 2077 1289 2160 leudi,
1311 2079 1343 2145 et
1360 2078 1428 2164 piae

130 2215 136 2227 2
175 2211 263 2260 verae
283 2193 443 2280 rectaeque
464 2192 606 2279 religioni
630 2191 732 2259 studia
747 2193 848 2260 vestro
870 2191 1028 2273 addicatis,
1052 2211 1071 2258 a
1092 2192 1302 2260 devotionibus
1317 2193 1428 2262 vostris

176 2307 379 2394 maximopere
400 2307 436 2376 in
457 2308 589 2377 Domino
616 2308 751 2393 petimus
772 2309 805 2375 et
832 2309 1029 2376 obtestamur.
1074 2307 1178 2377 Etiam
1209 2309 1352 2395 quoniam
1374 2329 1427 2378 er·

174 2423 321 2492 hibuistis
336 2443 390 2511 per
404 2426 523 2492 vestrm
538 2423 757 2510 responsiones,
779 2420 867 2492 vobis
882 2425 914 2492 et
928 2423 1128 2492 confederatis
1151 2425 1262 2492 vestris
1278 2425 1429 2493 Helvetiis

176 2559 212 2608 so
233 2539 384 2608 universis
406 2559 461 2626 per
473 2540 611 2627 publicos
633 2541 751 2607 vostros
766 2539 887 2607 libellos
910 2539 998 2606 datos
1021 2559 1075 2608 vos
1096 2539 1135 2607 de
1157 2559 1255 2608 errore
1277 2541 1356 2609 velle
1377 2543 1428 2609 in·

175 2656 301 2724 formeri
329 2657 421 2743 atque
448 2655 618 2736 emendari,
648 2675 754 2723 sumus
782 2655 882 2741 parati
913 2655 1071 2724 bominem
1098 2655 1252 2724 eruditum
1272 2657 1306 2724 in
1336 2659 1430 2724 moris

175 2772 289 2839 litteris
312 2772 437 2858 plenum
459 2771 532 2838 boni
555 2771 682 2858 spiritus
703 2771 737 2838 in
766 2771 899 2858 aliquem
922 2771 1009 2838 vobis
1037 2770 1241 2857 propinquum
1262 2774 1294 2839 et
1315 2792 1425 2858 oppor-

176 2889 286 2954 tunum
306 2887 408 2955 locum
422 2887 553 2968 mittero,
569 2888 644 2973 puto
659 2883 837 2953 Gobannam
860 2889 914 2954 eut
927 2887 1130 2966 Inusanuam,
1154 2907 1283 2973 quorum
1298 2888 1428 2956 alterum

177 3002 264 3069 vobis
293 3001 502 3088 eligendorum
526 3003 559 3070 et
592 3002 674 3069 diem
708 3001 902 3069 statuendum
933 3002 1059 3069 arbitrio
1088 3004 1189 3070 vestro
1219 3003 1429 3090 relinquimus,

177 3115 205 3184 si
226 3135 280 3186 ros
303 3117 342 3184 ad
364 3117 587 3204 respiciendum
615 3119 721 3185 lumen
742 3117 881 3184 rerItatis
905 3117 1024 3184 animos
1052 3117 1169 3185 vestros
1198 3117 1350 3186 reflectere
1373 3139 1428 3186 vo-

176 3232 305 3315 lueritis,
328 3233 381 3318 qui
396 3232 502 3300 doceat
518 3252 570 3300 vos
586 3231 679 3299 fidem
693 3234 816 3317 patrum
832 3234 1002 3299 vestrorum
1017 3251 1068 3316 per
1097 3251 1188 3318 quam
1205 3235 1304 3301 solum
1328 3234 1430 3301 editus

178 3349 217 3415 ad
232 3349 329 3416 vitum
344 3351 479 3416 etemem
495 3351 550 3429 est,
566 3348 736 3433 impiosque
752 3349 945 3433 suggestores
961 3349 1108 3414 falsarum
1118 3349 1303 3433 opinionum,
1319 3351 1430 3435 quibus

181 3466 310 3530 arcela
340 3464 451 3530 semita
479 3464 584 3530 tristis
616 3463 746 3544 deducti
776 3464 856 3530 voris
886 3463 998 3530 diuinis
1028 3463 1141 3530 litteris
1163 3467 1284 3531 auctore
1314 3464 1430 3551 Spiritu

181 3577 292 3646 Sancto
314 3580 436 3646 refellat
458 3582 489 3646 ot
511 3581 670 3665 coarguetr
693 3580 727 3645 in
749 3597 808 3664 qua
831 3579 954 3664 quidem
976 3581 1106 3646 reatin
1128 3579 1270 3646 omnibus
1292 3584 1432 3648 nostrum

179 3695 289 3762 ardens
313 3695 449 3763 studium
476 3697 592 3762 vestrm
615 3697 646 3761 et
667 3695 836 3780 praesentis
859 3697 891 3762 et
904 3696 1065 3779 perpetuae
1090 3695 1200 3761 salutis
1222 3696 1360 3780 poteritis
1382 3699 1433 3764 iu·

182 3810 329 3896 belligero,
354 3811 434 3878 siout
448 3831 518 3877 oum
541 3809 646 3877 eodem
665 3809 825 3877 Josobimo
849 3811 948 3876 scribe
970 3812 1071 3877 vostro
1094 3811 1228 3878 inbono
1251 3813 1435 3880 senteutiam

180 3925 276 3992 locuti
306 3946 420 4007 sumus,
444 3947 533 4012 quem
562 3927 678 3992 hortati
707 3946 813 3992 sumus
834 3928 870 3992 ut
891 3925 924 3992 id
947 3925 986 3991 ad
1008 3945 1061 3993 ros
1084 3927 1289 4012 perscriberet.
1334 3929 1435 4015 Atque

180 4041 261 4126 apud
283 4059 339 4108 nos
362 4061 432 4108 enm
455 4041 636 4122 detinemus,
651 4042 709 4107 buc
725 4041 790 4108 sols
812 4041 849 4108 de
863 4061 955 4109 causa
977 4041 1013 4108 ut
1035 4061 1127 4126 quum
1143 4043 1278 4126 primum
1300 4043 1334 4110 in
1355 4045 1435 4112 bane

179 4158 317 4223 nostram
348 4156 533 4223 sententiam
561 4157 706 4224 veneritis
735 4157 826 4223 etde
856 4157 1005 4223 solutione
1032 4157 1065 4223 ot
1087 4158 1124 4224 de
1153 4158 1276 4225 homins
1303 4161 1434 4245 legando

180 4271 393 4358 disponamus,
426 4291 496 4338 oum
527 4271 637 4356 quibus
667 4272 768 4338 scribe
796 4274 897 4339 vester
923 4273 971 4338 est
1000 4272 1040 4338 ed
1062 4292 1116 4338 vos
1145 4273 1297 4342 rediturus
1325 4276 1362 4340 ut
1383 4276 1433 4341 in-

179 4387 329 4473 telligatis
352 4405 372 4453 s
395 4386 484 4452 nobis
513 4387 617 4452 omnio
645 4405 739 4472 quam
758 4389 892 4471 paterne
914 4387 988 4453 fieri.
1042 4385 1127 4468 Quod
1158 4389 1185 4455 si
1213 4409 1268 4456 vos
1296 4390 1435 4474 precibus

182 4502 214 4570 ot
242 4501 468 4569 hortationibus
496 4503 611 4569 nostris
633 4522 687 4587 pro
709 4504 811 4569 vestra
835 4503 933 4569 salute
956 4504 1114 4588 susceptis,
1144 4504 1224 4589 quod
1254 4505 1344 4584 obsit,
1374 4525 1435 4572 non

234 4627 336 4674 spuere·
349 4628 458 4666 cumen
471 4629 520 4668 111.
1234 4614 1275 4680 13
