3346 5084
782 382 1027 450 ..468-

277 597 356 661 vera,
379 580 410 646 et
433 580 505 645 sunt
526 577 648 664 publica
677 580 708 645 et
730 579 849 646 1616113
870 579 903 644 in
926 579 1008 647 dicta
1030 579 1162 659 civitate,
1192 580 1223 646 et
1245 579 1315 645 31116
1337 579 1413 645 16616
1436 599 1526 664 penas

274 695 415 762 hominos
437 694 475 762 de
497 695 613 780 prefato
640 695 774 760 archivio
804 697 835 760 61
857 695 1081 779 antiquissimis
1113 695 1271 780 scripturis
1300 694 1446 779 predictis
1469 714 1524 761 no·

275 810 382 878 titiam-
401 812 557 877 habentes.

363 927 574 1011 Interrogatus
603 926 636 991 in
658 945 750 994 causa
773 928 918 994 scientiae
940 927 1018 992 dixit
1046 927 1181 1009 predicta
1204 927 1280 994 66116
1302 927 1373 1011 quia
1402 946 1526 1010 presens

274 1042 342 1122 1111,
366 1044 397 1108 61
411 1042 490 1108 vidit
512 1042 691 1108 multotiens
707 1042 823 1108 dictum
838 1044 939 1109 locum
962 1043 993 1107 61
1009 1042 1182 1126 scripturas,
1206 1043 1237 1108 ot
1259 1043 1377 1107 extrahi
1392 1045 1424 1107 61
1439 1043 1524 1107 1131-

275 1157 426 1241 sumptori
457 1158 535 1222 alias
566 1157 731 1242 scripturas
762 1159 793 1224 61
822 1158 959 1242 exempla
981 1157 1056 1237 11611,
1086 1158 1117 1224 61
1139 1157 1229 1223 dictis
1260 1157 1419 1241 scripturis
1442 1157 1524 1223 anti-

274 1273 442 1356 quissimis,
471 1275 503 1339 61
524 1271 641 1339 eisdem
663 1273 786 1357 plenam
808 1273 947 1339 adhiberi
975 1272 1069 1340 fidem
1090 1273 1124 1339 in
1146 1273 1317 1339 Romanam
1347 1275 1378 1337 61
1400 1272 1434 1338 11
1456 1273 1524 1339 aliis

273 1387 356 1467 locis,
380 1387 434 1454 ubi
455 1387 515 1455 1111
537 1406 658 1454 1666666
681 1388 736 1454 illa
751 1389 876 1471 produci
897 1389 929 1454 et
951 1387 1121 1472 predictum
1142 1389 1244 1455 166111
1266 1390 1476 1473 nuncupatum
1491 1391 1524 1454 ut

273 1523 365 1587 supra
386 1503 482 1570 111666
505 1503 645 1570 66111116
668 1503 854 1570 custoditum
877 1502 1035 1588 amagnis
1058 1503 1132 1569 viris
1155 1505 1187 1570 ct
1209 1505 1323 1589 absque
1345 1503 1524 1570 difficultate

272 1618 391 1685 aditum
414 1618 577 1703 adipsum
599 1619 706 1686 haberi
720 1639 781 1685 non
804 1620 939 1704 potuisse
961 1619 1023 1685 nisi
1045 1638 1080 1685 ex
1103 1619 1238 1686 maxima
1253 1638 1352 1701 causa,
1375 1621 1406 1686 et
1425 1621 1523 1685 claves

272 1733 348 1800 dicti
369 1734 430 1801 loci
459 1734 583 1801 stetisse
604 1753 696 1819 66166
727 1735 895 1816 cimiarcas,
925 1737 957 1801 et
980 1735 1124 1801 sacristas
1153 1735 1278 1802 deloco
1307 1737 1465 1820 1161613,
1488 1736 1524 1802 do

271 1851 406 1934 ternpore
435 1851 471 1916 ut
502 1869 600 1935 supra.
633 1852 679 1916 De
708 1851 898 1917 contestibus
927 1850 965 1917 de
988 1853 1132 1930 6616616,
1162 1853 1193 1917 61
1215 1873 1238 1918 r.
1262 1850 1290 1917 d.
1313 1851 1410 1917 Paulo
1432 1851 1523 1918 Vasio

271 1966 410 2051 episcopo
433 1964 580 2032 Oasscnsc
609 1969 640 2031 61
668 1987 692 2032 r.
716 1966 841 2033 domino
868 1966 1011 2051 Philippo
1041 1967 1182 2051 Raspono
1213 1985 1302 2051 61661
1330 1966 1523 2051 generalibus

271 2080 349 2147 dixit
371 2081 451 2166 quod
465 2081 601 2165 prodicta
616 2081 757 2166 deposuit
778 2101 832 2166 pro
847 2083 976 2149 veritate
998 2084 1029 2147 61
1052 2085 1100 2148 661
1114 2101 1262 2149 annorum
1280 2083 1323 2150 80
1341 2084 1373 2148 et
1386 2083 1420 2148 in
1436 2081 1522 2148 honis

270 2196 381 2263 hahere
403 2198 537 2263 valorem
560 2196 734 2263 ducatorem
757 2197 885 2264 duorum
908 2198 1050 2264 millium.

359 2311 551 2379 Reverendus
574 2312 608 2377 in
630 2312 721 2397 Xpto
743 2315 830 2397 pater
853 2313 881 2380 d.
898 2314 1011 2380 Paulus
1027 2313 1165 2398 Veggius
1188 2312 1346 2397 episcopus
1363 2310 1521 2379 Cassensis

272 2429 393 2494 6316136
423 2428 610 2494 Ravennatis
639 2428 782 2494 ecclesiae
812 2429 1020 2514 suffraganeus
1049 2429 1130 2496 alius
1158 2428 1249 2493 testis
1272 2429 1307 2493 ut
1337 2447 1428 2512 supra
1450 2447 1520 2511 pro·

269 2543 378 2609 ductus
400 2559 454 2627 per
475 2542 592 2620 dictum
615 2564 637 2609 1.
661 2543 689 2610 d.
712 2546 944 2629 procuratorem,
974 2546 1005 2610 61
1027 2544 1148 2623 citatus,
1171 2543 1316 2622 monitus,
1346 2543 1464 2609 iuratus
1487 2561 1521 2607 ac

269 2657 432 2742 diligenter
454 2659 644 2725 examinatus
667 2679 721 2744 661
735 2659 887 2743 prefatum
910 2659 1109 2744 magnificum
1132 2658 1159 2723 d.
1176 2659 1358 2742 potestatem
1382 2659 1518 2725 616611-

270 2774 446 2841 missarium
470 2793 559 2858 super
581 2775 724 2859 capitulis
747 2778 777 2842 61
800 2776 870 2842 aliis
885 2775 1039 2860 productis
1062 2793 1115 2859 per
1137 2774 1254 2840 dictum
1276 2794 1299 2839 r.
1322 2772 1351 2839 d.
1374 2791 1517 2857 procura·

269 2892 375 2971 torem
398 2889 451 2974 qui
473 2891 564 2956 tostis
588 2909 641 2957 suo
665 2891 836 2958 iuramento
859 2891 1012 2957 mediante
1036 2889 1226 2956 testificando
1249 2888 1334 2968 dixit
1357 2891 1412 2954 stc.

358 3003 454 3089 Super
483 3005 581 3089 primo
611 3005 688 3071 dixit
716 3007 819 3091 ipsum
841 3027 865 3073 r.
888 3006 1030 3074 extetisse
1058 3008 1194 3090 tempora
1216 3025 1239 3071 r.
1262 3005 1438 3070 Rovereilas
1467 3023 1518 3069 ar-

267 3120 450 3206 chiepiscopi
465 3121 564 3188 dictae
579 3122 713 3188 civitatis
729 3121 886 3202 vicarium,
909 3123 989 3189 6166
1005 3123 1140 3207 tempore
1155 3121 1319 3186 excessisse
1334 3139 1370 3185 ex
1385 3119 1519 3186 archivio

266 3235 365 3302 dictae
387 3237 530 3303 ecclesiae
545 3238 786 3304 Ravennatcnsis
809 3238 976 3322 vulgariter
991 3238 1165 3322 nuncupato
1180 3237 1204 3302 il
1227 3235 1386 3320 cartilogio
1403 3235 1520 3300 multas

265 3354 297 3418 ct
318 3352 560 3437 quamplurimas
583 3354 748 3437 scripturas
780 3353 940 3437 privilegia
969 3353 1073 3420 bravia
1095 3351 1391 3437 quamplurimorum
1413 3351 1517 3434 ponti-

265 3467 357 3534 ficum
387 3470 419 3564 et
447 3469 679 3551 imperatorum,
709 3471 741 3535 61
772 3488 842 3534 cum
872 3468 1039 3535 accedisset
1067 3489 1090 3534 1.
1116 3467 1153 3534 de
1182 3467 1283 3533 1111666
1312 3467 1432 3532 mortuo
1464 3485 1518 3532 cx·

264 3583 358 3648 traxit
384 3581 421 3649 ds
451 3583 531 3650 dicto
562 3583 695 3651 archivio
724 3584 966 3668 quamplurimas
997 3584 1162 3667 scripturas
1191 3601 1267 3667 quas
1297 3581 1521 3664 transumptavi

264 3697 337 3763 fecit
358 3698 391 3763 in
413 3700 648 3784 quamplurimis
670 3701 779 3780 causis,
803 3701 834 3765 et
855 3699 988 3766 maxime
1018 3699 1098 3766 inter·
1127 3698 1297 3783 predictum
1319 3718 1342 3762 r.
1366 3699 1397 3763 et
1419 3696 1521 3763 diotae

264 3813 399 3880 civitatis
421 3814 606 3898 episcopum,
629 3835 684 3882 nec
700 3836 761 3882 non
776 3818 809 3881 in
831 3816 887 3882 1116
901 3817 986 3881 mota
1000 3835 1054 3899 661
1075 3814 1244 3899 predictum
1260 3834 1282 3879 1.
1299 3813 1521 3880 66111111316111

263 3930 427 3996 Faventino
450 3929 559 4015 quibus
583 3933 785 4016 transumptis
807 3933 841 3998 in
858 3932 998 3998 Romana
1020 3931 1111 4010 curia,
1134 3932 1166 3996 61
1180 3930 1291 4014 ubique
1305 3929 1442 3995 locorum
1463 3929 1520 3996 ubi

262 4045 393 4130 contigit
414 4046 482 4130 1663
496 4047 665 4131 presentari
687 4046 746 4112 fuit
761 4047 899 4113 adhibita
914 4049 1005 4131 plena
1027 4048 1058 4112 st
1076 4047 1197 4130 integra
1219 4044 1293 4110 fides
1310 4046 1341 4111 61
1356 4043 1518 4128 scripturis

261 4161 404 4227 omnibus
426 4180 461 4227 ex
483 4161 564 4228 dicto
588 4163 720 4229 archivio
748 4163 892 4228 extractis
914 4162 1095 4246 plenissima
1124 4161 1236 4245 ubique
1262 4161 1396 4226 locorum
1426 4160 1519 4226 datur

260 4276 337 4344 fides
359 4277 390 4343 et
413 4295 532 4360 semper
553 4277 692 4344 adhibita
714 4277 774 4344 fuit
795 4296 814 4343 a
836 4299 862 4345 x.
878 4298 923 4344 xx.
940 4298 1003 4345 xxx.
1019 4277 1223 4362 quadraginta
1245 4278 1275 4342 et
1291 4275 1516 4360 quinquaginta

260 4393 350 4459 annis
372 4391 542 4477 dequibus
564 4393 630 4478 ipss
645 4393 826 4474 recordatur,
849 4395 882 4460 61
895 4394 928 4460 in
951 4393 1031 4459 dicto
1048 4393 1182 4460 archivio
1206 4411 1259 4461 sou
1274 4392 1434 4477 cartilogio
1452 4410 1515 4460 non

257 4507 331 4576 licet
351 4509 444 4576 alicui
465 4509 592 4595 ingredi,
622 4510 653 4576 61
675 4510 795 4595 quando
825 4509 955 4596 contigit
984 4509 1118 4594 aliquem
1140 4509 1219 4576 velle
1240 4507 1342 4575 vidoro
1373 4508 1513 4594 aliquam
