3346 5084
801 381 1045 451 -460-

298 580 418 646 videtur
440 579 519 664 quod
541 580 692 662 exprimat
714 577 823 662 quibus
839 577 950 644 intedit
972 577 1019 642 uti
1041 576 1074 642 in
1089 576 1180 642 dictis
1203 573 1375 659 privilegiis
1397 573 1551 641 contentis

296 716 366 762 oum
390 697 433 762 eit
455 697 641 780 superfluum
664 694 830 777 exprimere
852 695 963 778 quibus
978 693 1046 759 vult
1067 694 1113 758 uti
1137 712 1207 760 oum
1230 692 1294 757 sint
1315 691 1494 774 exemplata,
1517 692 1550 756 et

297 813 402 878 audita
428 814 459 878 et
481 812 560 878 lecta
587 811 674 895 copia
703 809 853 875 dictorum
882 809 1120 894 exemplatorum
1149 809 1199 874 vel
1227 807 1496 892 exemplandorum
1516 808 1549 872 et

297 930 455 1013 propterea
477 947 538 995 non
567 928 664 994 teneri
686 927 724 993 ad
747 925 976 1010 exprimendum
1006 925 1096 990 aliter
1118 944 1173 991 neo
1195 923 1256 991 alio
1278 923 1376 1002 modo,
1406 922 1438 989 et
1459 924 1549 1006 prout

297 1063 473 1128 expressum
496 1043 563 1109 fuit.
594 1043 675 1110 Item
698 1041 816 1109 dicente
837 1042 936 1127 quoad
958 1041 1036 1108 illud
1051 1042 1129 1126 quod
1152 1040 1264 1106 dicitur
1287 1059 1348 1107 non
1370 1040 1477 1105 debere
1493 1039 1548 1104 de·

297 1159 395 1225 veniri
417 1159 456 1224 ad
483 1159 737 1243 exemplationem
766 1159 985 1242 seripturarum
1014 1157 1218 1241 predictarum
1248 1159 1280 1223 et
1300 1155 1450 1222 librorum
1478 1174 1549 1220 curn
1659 1153 1660 1246 i

297 1295 358 1342 non
382 1275 446 1342 sint
468 1275 643 1342 authentica
667 1275 720 1343 sed
742 1275 844 1358 potius
867 1274 1005 1358 exempla
1028 1275 1059 1340 et
1080 1274 1199 1340 dicente
1213 1274 1313 1339 totum
1336 1291 1403 1338 esse
1425 1273 1549 1338 contra
1659 1251 1660 1328 i

297 1394 378 1459 rium
401 1392 481 1477 quod
504 1392 548 1458 eis
570 1391 646 1457 fides
669 1393 718 1457 est
740 1390 920 1471 adhibenda,
951 1409 1020 1456 cunr
1044 1390 1107 1455 sint
1129 1388 1292 1474 originalia
1313 1387 1395 1468 libri,
1417 1390 1449 1453 et
1471 1387 1550 1452 scri-

297 1509 404 1592 lime
427 1507 660 1592 antiquissimae
675 1509 791 1590 reperte
814 1509 848 1573 in
871 1506 1005 1573 archivio
1020 1506 1141 1591 publico
1164 1504 1274 1591 quibus
1297 1504 1372 1570 fides
1388 1503 1552 1570 adhibetur

297 1645 332 1692 ex
355 1624 453 1691 forma
468 1625 544 1689 iuris
566 1625 598 1690 et
620 1622 847 1690 consuetudinis
870 1624 1006 1690 civitads
1029 1623 1188 1690 Ravennae
1212 1671 1375 1688 ......
1398 1620 1464 1685 illis
1487 1638 1550 1684 non

296 1742 438 1807 obstante
454 1743 599 1824 tanquam
614 1739 733 1806 frivolis
749 1742 781 1805 et
795 1740 997 1806 frustratoriis
1021 1759 1055 1806 ao
1070 1738 1268 1806 calumniosis
1282 1736 1435 1802 instantes
1451 1734 1551 1801 dictas

297 1857 462 1941 scripturas
485 1857 521 1920 ut
543 1874 634 1940 supra
648 1856 821 1940 exemplari,
844 1856 1011 1923 auscultari
1032 1858 1064 1922 et
1079 1855 1268 1934 autenticam,
1284 1853 1394 1937 quibus
1416 1851 1547 1918 authen-

297 1973 400 2039 ticatis
422 1971 498 2038 fides
514 1971 689 2039 omnimoda
704 1971 763 2038 erit
778 1974 872 2038 otest
894 1971 1065 2038 adhibenda
1088 1972 1122 2038 ut
1136 1971 1203 2036 iura
1218 1970 1333 2048 volunt,
1349 1969 1469 2035 attenta
1483 1966 1550 2034 eius
1659 2021 1660 2026 ,

297 2087 512 2172 antiquissima
535 2088 652 2166 nehus,
676 2089 708 2153 et
729 2086 864 2172 predicta
887 2088 971 2156 omni
993 2088 1114 2154 meliori
1134 2086 1225 2154 modo
1248 2087 1303 2152 eto.

385 2204 530 2270 Presente
552 2202 633 2270 dioto
656 2201 684 2269 d.
708 2203 835 2270 Nicolao
858 2203 939 2271 dioto
962 2203 1093 2282 nomine,
1115 2203 1147 2269 et
1168 2201 1313 2287 prodistis
1335 2221 1397 2268 non
1420 2219 1549 2267 consen·

295 2319 391 2385 tiente
412 2320 444 2384 et
466 2319 584 2386 dicente
607 2319 687 2404 quod
717 2320 818 2385 stante
840 2319 938 2386 forma
967 2319 1117 2385 dictarum
1139 2319 1297 2384 literarum
1320 2337 1381 2385 non
1404 2336 1471 2383 esse
1494 2316 1548 2382 de·

296 2433 476 2502 veniendum
499 2455 554 2503 nec
577 2434 710 2502 deveniri
734 2435 824 2502 debet
847 2436 885 2501 ad
908 2435 1022 2501 dictam
1046 2436 1310 2514 auscultationem,
1332 2435 1363 2499 et
1378 2435 1547 2499 tramsum-
1659 2437 1660 2474 r

295 2551 464 2635 piationem
486 2552 548 2617 nisi
578 2553 696 2618 servata
718 2550 799 2617 dicta
829 2551 927 2617 forma
948 2551 982 2617 in
1004 2550 1080 2635 ipsis
1109 2550 1218 2630 literis,
1241 2550 1300 2616 etsi
1324 2567 1410 2615 secus
1433 2549 1548 2615 laetum

295 2667 387 2732 fuerit
413 2669 600 2751 protestante
631 2668 743 2733 iterum
773 2667 810 2733 de
839 2666 999 2746 nullitate,
1031 2667 1221 2752 negandoque
1252 2665 1397 2731 habuisse
1428 2664 1549 2748 copiam

295 2782 430 2866 aliquam
452 2782 566 2848 iurium
587 2783 883 2866 transumptaterum
914 2780 966 2849 sed
990 2782 1089 2849 solum
1113 2782 1232 2866 copiam
1259 2779 1372 2846 iuriam
1395 2801 1473 2864 quae
1495 2801 1550 2864 per
1659 2801 1660 2884 p

294 2898 414 2981 partem
429 2897 587 2964 adversam
603 2897 769 2964 auscultari
784 2899 937 2982 petuntur,
960 2898 1033 2964 licet
1047 2897 1085 2964 de
1099 2897 1164 2964 iure
1180 2897 1345 2964 auscultari
1360 2915 1422 2962 non
1437 2895 1551 2962 debent
1659 2985 1660 2992 ἵ

295 3016 379 3078 omni
402 3012 522 3079 meliori
543 3013 633 3080 modo
656 3014 711 3080 eto.

383 3129 529 3195 Presente
550 3129 667 3212 prelato
689 3148 713 3194 r.
728 3128 851 3196 domino
866 3127 914 3196 Jo.
930 3131 1022 3196 Petro
1044 3131 1236 3213 procuratore
1258 3127 1368 3212 prefati
1391 3147 1415 3193 s.
1431 3127 1551 3193 domini
1659 3145 1660 3212 p

295 3243 392 3310 nostri
414 3245 445 3311 et
466 3244 602 3310 instante
624 3263 660 3310 aa
682 3246 803 3328 petente
825 3246 860 3310 ut
884 3263 975 3328 supra
998 3246 1082 3312 omni
1106 3245 1225 3312 meliori
1247 3242 1337 3310 modo
1360 3244 1417 3310 etc.
1659 3319 1660 3324 ,

382 3359 506 3425 Eisdem
535 3377 613 3425 anno
641 3359 807 3426 indictione
837 3361 972 3446 tempore
994 3361 1173 3445 pontificatu
1205 3377 1310 3425 mense
1339 3357 1388 3425 die
1418 3377 1454 3425 ao
1482 3359 1551 3425 loro
1659 3337 1660 3368 ³

294 3475 404 3558 qulbus
428 3493 526 3558 supra.

382 3587 559 3673 Comparuit
580 3609 681 3656 coram
704 3591 867 3676 magnifico
889 3592 918 3658 d.
934 3592 1085 3676 potestate
1108 3593 1140 3659 et
1162 3594 1317 3659 executore
1334 3590 1458 3658 sedente
1481 3595 1551 3671 ete,

294 3725 316 3770 r.
340 3704 367 3770 d.
391 3702 439 3771 Jc.
469 3705 579 3771 Petrus
609 3705 764 3770 Ferrettus
794 3706 925 3772 vicarius
955 3709 1010 3773 etc.
1034 3709 1065 3772 et
1094 3708 1269 3792 procurator
1293 3726 1316 3773 s.
1340 3706 1368 3772 d.
1381 3727 1422 3792 n.
1453 3709 1485 3773 et
1515 3709 1551 3774 in

293 3818 465 3903 supradicto
480 3820 611 3886 termino
627 3819 666 3885 ad
681 3821 922 3906 exemplandum,
946 3824 977 3889 et
992 3823 1281 3907 transumptandum
1296 3822 1363 3887 iura
1379 3823 1551 3906 scripturas

292 3937 324 4000 et
345 3934 449 4014 libros,
473 3935 503 4000 et
525 3935 587 4000 alia
609 3935 676 4020 iura
690 3955 743 4018 pro
766 3937 852 4020 parte
875 3957 898 4003 s.
914 3938 942 4003 d.
957 3959 986 4004 n.
1003 3941 1034 4004 et
1056 3937 1093 4003 ad
1117 3936 1306 4022 probandum
1329 3936 1428 4003 dictos
1450 3937 1550 4004 libms
1659 3995 1660 4000 ,

292 4049 434 4117 videlicet
456 4050 628 4116 nominatos
650 4050 684 4115 in
707 4052 784 4116 actis
814 4054 954 4136 superius
976 4053 1071 4119 fuisse
1093 4055 1124 4119 et
1147 4071 1213 4118 esse
1235 4051 1399 4137 originalia
1421 4055 1453 4119 et
1476 4073 1547 4119 ma-

291 4166 392 4245 trices,
424 4167 455 4232 et
477 4165 676 4245 authenticae,
709 4167 740 4231 et
762 4166 865 4246 fuisse,
897 4169 928 4234 et
956 4186 1024 4234 esse
1053 4167 1090 4234 de
1119 4168 1261 4246 archivio,
1294 4169 1325 4233 et
1347 4167 1380 4232 in
1410 4169 1548 4237 archivio

292 4283 415 4347 sanotae
444 4282 631 4347 Ravennatis
661 4281 812 4363 ecclesiae,
843 4283 874 4347 et
903 4282 1018 4348 eisdem
1041 4281 1130 4348 libris
1161 4301 1279 4366 semper
1308 4281 1402 4348 fuisse
1426 4285 1457 4348 et
1478 4303 1546 4349 esse

291 4396 463 4462 adhibitam
479 4397 601 4479 plenam
624 4397 655 4462 et
670 4396 877 4463 indubitatam
893 4397 984 4464 fidem
1008 4399 1046 4464 ab
1062 4397 1205 4465 omnibus
1226 4398 1259 4463 in
1274 4397 1386 4464 iudicio
1401 4400 1433 4464 et
1452 4399 1545 4478 orba,

290 4514 322 4577 et
345 4511 383 4576 ad
398 4510 520 4577 eosdem
543 4513 637 4577 libros
653 4531 772 4596 semper
788 4510 959 4578 adhibitam
982 4513 1076 4579 fuisse
1097 4515 1128 4579 et
1144 4532 1210 4580 esse
1225 4531 1379 4580 reversum
1396 4515 1544 4597 tanquam
1659 4607 1660 4618 ἵ
