3366 5084
664 339 887 410 ..61-

150 541 238 609 anuis
261 559 323 608 uon
345 510 508 624 possumus
530 540 562 604 et
583 513 745 604 reservatis
768 557 843 622 ques
873 537 972 603 adhuc
994 536 1027 602 in
1048 538 1199 622 potestate
1220 536 1403 614 retinemus;

148 677 216 724 curn
240 658 269 722 si
291 657 331 722 ad
345 657 402 721 has
425 654 612 720 conditiones
628 655 810 720 veniendum
826 655 915 732 esset,
939 673 1075 719 essemus
1097 673 1152 720 nos
1175 655 1274 738 etqui
1295 655 1400 720 nobis-

149 793 217 839 cum
246 774 358 850 essent,
387 773 419 838 te
448 771 628 855 praesertim
657 770 820 836 adiuvante
852 770 882 834 et
912 769 1041 848 favente,
1064 770 1202 835 omnium
1232 770 1341 835 salutis
1371 773 1402 835 et

148 888 309 974 dignitatis
331 887 481 953 rationem
497 905 589 970 quarn
609 887 715 951 liceret
729 885 872 951 habituri.
912 883 995 951 Haec
1017 886 1171 969 cogitatio,
1194 888 1229 951 ut
1251 904 1306 952 nos
1321 888 1402 952 recte

147 1005 324 1082 indicamus,
347 1005 417 1068 tuae
440 1003 487 1067 est
509 1001 681 1067 nobilitatis
705 1004 775 1067 tuae
797 1000 921 1065 uirtutis
943 1001 1072 1084 propria,
1101 1019 1163 1066 non
1185 1001 1324 1085 persequi
1347 1002 1397 1066 in·

146 1120 268 1186 finitam
285 1137 371 1203 spem
393 1117 516 1200 plenam
530 1118 732 1200 periculorum
755 1116 958 1182 maximorum
981 1117 1012 1182 et
1028 1117 1123 1182 statui
1145 1119 1197 1182 tuo
1212 1115 1401 1182 immanibus

147 1237 253 1302 lincis
276 1234 409 1300 finitimo
432 1233 489 1298 hac
511 1232 628 1298 ratione
651 1233 820 1297 consulere:
851 1251 943 1315 quam
967 1232 995 1296 si
1017 1232 1179 1316 aliqnando
1209 1231 1399 1298 concordiam

147 1351 347 1418 constitutam
376 1367 449 1432 pace
473 1350 504 1414 et
526 1348 722 1414 consensione
752 1348 989 1413 christianornm
1017 1345 1190 1430 principum
1220 1347 1321 1413 uidere
1343 1365 1399 1430 po·

146 1468 304 1546 merimus,
322 1465 473 1549 huiusque
488 1463 617 1530 maximi
632 1464 671 1529 ab
686 1463 893 1547 omnipotente
908 1462 973 1528 Deo
988 1462 1127 1529 beneficii
1141 1463 1274 1527 fructum
1289 1464 1399 1546 gusta-

147 1581 289 1660 verimus,
312 1579 415 1646 credat
430 1580 518 1646 nobis
534 1581 673 1646 volumus
696 1579 841 1645 nobilitas
864 1579 963 1644 tuate
985 1597 1046 1644 non
1060 1578 1149 1662 plura
1171 1579 1210 1644 ab
1226 1596 1260 1643 eo
1275 1579 1400 1661 parente

147 1698 199 1782 qni
220 1693 382 1781 te'genuit
398 1715 490 1780 quern
513 1695 643 1774 anobis,
666 1695 720 1778 qui
734 1695 792 1760 tibi
815 1713 883 1760 vere
905 1693 938 1759 in
953 1693 1017 1760 Deo
1040 1713 1141 1760 amore
1159 1696 1261 1778 patres
1285 1714 1400 1774 sumus,

146 1813 258 1879 amoris
281 1812 439 1878 charitatis
461 1811 587 1895 pietatis
617 1810 729 1876 iudicia
752 1811 847 1875 fuisse
870 1811 1105 1893 expectaturum.
1135 1810 1176 1876 iii
1199 1810 1313 1876 scimus
1335 1811 1400 1876 fore

145 1929 197 2012 qui
210 1929 290 1993 hanc
313 1928 462 1993 internos
478 1927 566 1993 nobis
582 1925 827 2009 acceptissimam
851 1925 1093 1990 coniunctionem
1108 1925 1290 1992 labefactare
1306 1944 1397 1991 cona-

146 2043 260 2110 buntur
284 2043 348 2108 suis
372 2041 507 2106 sinistris
531 2041 721 2106 sermonibus
744 2041 778 2106 in
800 2040 979 2106 deteriorem
1002 2043 1121 2124 partem
1144 2059 1211 2106 earn
1234 2041 1398 2108 trabentes.

147 2157 205 2224 Sed
229 2159 256 2224 si
279 2158 352 2243 quid
374 2158 408 2223 in
429 2157 519 2222 nobis
549 2155 628 2235 fidei,
653 2157 680 2226 si
702 2156 775 2240 quid
797 2175 870 2240 erga
891 2155 991 2222 Deum
1015 2156 1199 2222 reuerentiae
1222 2159 1253 2222 et
1275 2156 1399 2241 pietatis

146 2277 199 2353 est
222 2274 434 2358 promittimus
449 2271 605 2337 nobilitati
628 2272 697 2337 tuae
721 2273 752 2336 et
773 2271 952 2354 pollicemur
974 2291 1029 2337 nos
1052 2292 1106 2338 nec
1129 2271 1306 2376 cupiditatis
1324 2291 1397 2356 pro·

146 2390 225 2472 priae
248 2390 311 2455 ullo
341 2389 484 2472 impulsu,
514 2407 569 2453 nec
591 2387 659 2452 odio
682 2389 736 2451 aut
758 2406 860 2452 amore
890 2386 1125 2453 extraordinario
1149 2387 1182 2452 in
1205 2407 1398 2472 quemquem,

147 2504 197 2570 sed
220 2505 286 2569 sola
301 2504 418 2569 ratione
440 2505 471 2568 et
487 2503 635 2568 desiderio
657 2504 741 2586 pacis
765 2521 799 2568 ac
815 2501 1058 2586 tranquillitatis,
1082 2504 1263 2569 necessitate
1278 2522 1397 2588 quoque

146 2621 175 2683 et
197 2618 373 2685 discrimine
396 2621 442 2683 tot
465 2619 666 2702 periculorum
682 2638 736 2683 nos
752 2620 885 2701 cogente,
902 2618 941 2682 ed
959 2618 1032 2684 haec
1049 2619 1175 2685 consilia
1191 2618 1398 2696 descendisse;

146 2753 279 2801 amorem
301 2753 371 2800 vero
401 2734 448 2799 tui
470 2734 514 2799 ita
537 2735 708 2800 servaturos
731 2735 766 2798 ut
788 2735 888 2800 omnis
910 2736 1032 2817 postera
1054 2737 1138 2806 aetas
1162 2734 1206 2800 rei
1229 2735 1398 2820 utriusque,

147 2853 176 2915 et
199 2849 384 2915 sinceritatis
408 2852 528 2914 nostrae
551 2851 582 2914 et
605 2867 743 2914 summae
766 2867 839 2932 erga
861 2850 891 2912 te
913 2849 1140 2916 benevolentiae
1163 2850 1254 2916 fidem
1277 2851 1398 2918 facture

147 2965 193 3031 sit.
218 2963 304 3030 Sicut
327 2985 396 3030 eum
412 2964 572 3032 nobilitate
595 2967 648 3029 tua
670 2964 763 3030 latius
787 2964 916 3030 dilectus
938 2965 1022 3030 filius
1038 2965 1233 3036 Hieronimus
1249 2967 1396 3034 Rorarius

146 3080 329 3146 camerarius
351 3083 453 3146 noster
476 3083 580 3146 nostro
603 3080 725 3145 nomine
748 3083 827 3164 eget,
850 3080 899 3146 oui
921 3079 976 3146 illa
999 3082 1091 3147 fidem
1114 3082 1247 3149 hebebit.
1279 3084 1396 3150 Datum

147 3197 261 3262 Rornae
285 3196 334 3260 die
358 3197 396 3261 vi.
419 3195 560 3261 Jenuarii
583 3195 701 3262 nrduxv.
747 3195 835 3261 Anno
858 3195 995 3262 secundo.

746 3459 797 3525 44.

564 3623 744 3697 Episcopo
768 3624 985 3683 Tridentino.

234 3777 354 3843 Dilecta
376 3777 422 3842 fili
444 3779 499 3842 etc.
545 3777 678 3843 Litteras
701 3779 770 3842 tuas
794 3797 869 3862 quas
893 3775 998 3843 attulit
1021 3775 1060 3843 ad
1082 3797 1137 3844 nos
1160 3777 1289 3846 dilectus
1312 3777 1395 3847 tilius

147 3893 253 3959 Petrus
277 3891 480 3959 Salamanche
508 3893 616 3975 plenas
639 3892 732 3958 officii
762 3895 852 3978 atque
881 3894 1100 3973 observantiae,
1129 3894 1194 3978 ipse
1217 3896 1312 3961 etiarn
1336 3895 1400 3962 suis

146 4009 245 4074 verbis
260 4010 376 4093 optime
391 4008 570 4073 subsecutus
594 4009 649 4086 est,
673 4008 829 4093 multaque
852 4008 889 4074 de
905 4012 958 4074 tua
981 4030 1054 4094 erga
1069 4028 1125 4076 nos
1140 4012 1171 4075 et
1194 4011 1272 4076 haue
1296 4009 1325 4076 S.
1343 4009 1399 4078 Se·

145 4122 214 4189 dem
237 4123 358 4190 rettulit
373 4122 537 4200 voluntate,
561 4141 637 4207 quae
660 4123 720 4188 etsi
741 4142 802 4189 non
823 4123 930 4208 ignota
945 4125 1042 4204 nobis,
1066 4145 1185 4209 semper
1199 4126 1281 4192 enirn
1305 4128 1401 4194 talem

146 4257 217 4324 erga
239 4257 295 4305 nos
317 4239 455 4304 animum
478 4238 511 4303 in
534 4257 565 4304 re
589 4239 674 4305 omni
695 4239 866 4318 ostendisti,
896 4241 1000 4306 tumen
1022 4241 1090 4325 ipsa
1113 4243 1400 4310 commemoratione

145 4355 233 4436 grate
255 4354 389 4420 extitere.
420 4351 624 4433 Quamobrem
647 4356 786 4420 nostmm
808 4355 902 4420 estte
924 4355 1041 4420 hortari
1055 4359 1091 4422 ut
1112 4357 1146 4422 in
1160 4355 1266 4423 eodem
1282 4377 1401 4440 semper

144 4487 322 4554 permaneas
344 4469 444 4535 officio
467 4469 680 4554 imprimisque
701 4488 755 4552 pro
779 4470 1011 4554 perecutores,
1034 4471 1120 4536 cuius
1136 4490 1249 4558 magna
1264 4473 1400 4556 potestas
