3396 5090
787 353 1030 421 -192-

876 576 948 642 148.
992 551 993 556 '

769 741 1052 802 Turrloenslbus.

371 893 484 960 Dilecti
514 893 571 960 filii
601 894 732 960 salutem
755 895 811 960 cte.
856 892 934 960 <bum
962 895 1096 962 venbset
1118 895 1158 961 ad
1186 914 1241 962 nos
1263 914 1283 962 a
1304 896 1391 963 vobis
1419 895 1536 962 missus

281 1011 410 1078 dilectus
440 1009 522 1076 filius
551 1008 693 1078 Joachim
716 1009 815 1076 sariba
836 1011 945 1089 amtor,
974 1011 1066 1077 bomo
1088 1013 1245 1077 accuratus
1268 1011 1300 1078 et
1329 1011 1469 1097 prudens,
1499 1030 1535 1078 aa

280 1129 398 1194 vestas
421 1126 460 1192 nd
482 1144 538 1193 nos
559 1125 724 1210 petitiones
745 1125 915 1206 detulisset,
937 1126 1048 1211 quibus
1063 1128 1233 1194 asserentes
1247 1145 1302 1194 vos
1318 1146 1456 1196 summae
1477 1147 1533 1214 pe·

281 1243 414 1310 cuniarle
442 1262 509 1309 esso
538 1243 658 1308 nostros
688 1242 718 1308 et
742 1239 871 1309 Sanctae
894 1240 982 1308 Sedis
1011 1242 1195 1326 apostolieae
1217 1243 1387 1325 creditores,
1415 1243 1534 1311 ratione

281 1358 501 1442 stipendiorum
538 1357 633 1424 otiam
664 1357 702 1424 ob
733 1376 842 1442 passus
877 1357 953 1425 Ollii
984 1359 1016 1424 et
1047 1358 1085 1424 ob
1116 1358 1374 1443 recuperationem
1404 1359 1533 1426 Parmae

280 1476 312 1542 et
339 1473 513 1541 Placentiae
544 1473 631 1540 vobis
660 1473 879 1558 promissorum
911 1475 942 1540 ct
970 1474 1092 1559 propter
1122 1474 1199 1540 alias
1230 1475 1364 1541 rationes
1393 1493 1469 1559 quas
1498 1475 1533 1542 in

279 1589 397 1658 foedere
419 1610 486 1658 esse
509 1589 621 1669 dicitis,
643 1589 745 1674 ipsam
766 1589 926 1674 pecuniam
949 1607 967 1655 a
989 1589 1077 1655 nobis
1092 1590 1239 1675 repetitis.
1284 1591 1354 1657 Idtsi
1375 1609 1436 1658 non
1458 1590 1531 1659 dea-

278 1706 349 1774 rant
371 1725 479 1773 causae
502 1704 635 1788 computi
666 1705 844 1790 diligentius
867 1705 1069 1784 examinandi,
1098 1708 1202 1773 tamen
1224 1725 1294 1774 cum
1320 1706 1532 1774 deuotionibus

279 1823 398 1902 uestis,
419 1840 481 1889 non
504 1821 612 1887 subtili
633 1821 759 1900 ratione,
783 1820 836 1887 sed
858 1820 989 1905 benigne
1012 1839 1047 1886 ae
1069 1820 1237 1888 liberaliter
1265 1840 1355 1907 agore
1385 1822 1531 1902 volentos,

278 1939 378 2024 ipsam
401 1936 608 2023 pecuniariam
631 1955 784 2004 summam
815 1937 859 2002 sic
880 1938 916 2004 ut
938 1956 957 2002 a
979 1937 1066 2003 vobis
1088 1957 1123 2003 or
1146 1937 1241 2004 vestri
1264 1940 1387 2005 sanatus
1411 1939 1531 2005 decreto

279 2055 421 2122 conclusa
443 2055 492 2120 est
513 2055 544 2119 st
566 2052 605 2118 ad
627 2071 683 2118 nos
707 2054 763 2119 sub
786 2053 897 2119 vestris
912 2052 1026 2118 litteris
1049 2055 1080 2118 et
1103 2052 1217 2138 sigillis
1239 2052 1340 2119 delata
1362 2055 1449 2120 uobis
1465 2055 1529 2120 sol-

278 2170 417 2249 vondam,
440 2187 566 2253 eamque
588 2168 622 2234 iu
636 2169 735 2234 locum
759 2167 955 2234 accomodum
971 2168 1241 2236 transmittendam
1262 2169 1401 2253 paraturi
1424 2189 1531 2236 sumus

278 2287 456 2371 nullamque
483 2303 601 2350 moram
630 2283 756 2350 facturis
787 2284 861 2368 quin
890 2285 977 2351 vobis
1002 2285 1143 2364 satisfiat,
1172 2287 1262 2369 prout
1285 2285 1378 2350 eiiam
1408 2283 1530 2350 dilectis

277 2401 352 2470 liliis
375 2400 566 2486 Zugcnsibus
589 2400 726 2485 quicum
748 2400 875 2485 reliquis
891 2400 1001 2466 vestris
1025 2400 1225 2468 confederatis
1247 2399 1281 2466 in
1295 2419 1367 2467 vora
1384 2399 1444 2468 fida
1458 2419 1529 2486 per-

277 2519 411 2597 manent,
425 2536 554 2603 quorum
570 2535 691 2582 summa
706 2517 762 2583 sub
778 2517 877 2583 vestm
892 2519 1033 2602 computo
1049 2515 1320 2602 comprehenditur,
1337 2515 1530 2584 satisfactam

275 2635 316 2701 iri
344 2635 499 2712 volumns;
530 2633 557 2699 si
585 2634 690 2698 tamon
717 2632 956 2699 intellexerimus
983 2633 1071 2699 illam
1100 2632 1241 2698 fidelibus
1271 2632 1386 2700 summi
1415 2633 1474 2700 Dei
1495 2633 1528 2699 et

276 2750 443 2817 catholicae
465 2749 537 2816 fidei
558 2769 594 2815 ac
617 2746 751 2815 eiusdem
775 2745 863 2814 Sedis
892 2749 1075 2834 apostolicae
1097 2748 1273 2814 amantibus
1302 2747 1530 2816 attribuendam

276 2882 351 2935 esse.
397 2867 435 2933 ln
457 2885 515 2952 quo
537 2884 685 2950 magnum
708 2883 764 2931 nos
785 2864 967 2932 iamdudum
996 2865 1167 2950 accepimus
1190 2863 1333 2944 dolorem,
1356 2865 1437 2949 quod
1457 2884 1530 2932 eum

277 2981 307 3050 S.
330 2982 406 3049 fides
429 2982 578 3048 catholica
600 2983 631 3048 et
654 2979 746 3047 Sedes
769 2980 935 3065 apostolica
958 2980 1086 3047 alicuius
1108 2980 1221 3047 iniuria
1243 2981 1409 3060 vexaretur,
1432 2981 1527 3047 breri-

235 3090 239 3097 ’
276 3119 346 3166 mus
367 3100 401 3165 in
423 3099 509 3165 vobis
531 3117 621 3164 omno
648 3097 835 3182 praesidium
857 3097 922 3163 aius
951 3096 1155 3164 defendendae
1184 3095 1369 3176 collocaturi,
1399 3115 1453 3162 vos
1476 3097 1529 3182 qui

275 3217 307 3282 et
328 3213 471 3300 plurimis
487 3213 597 3280 vestis
619 3213 709 3279 lactis
725 3214 816 3298 atque
831 3213 949 3294 officiis,
972 3215 1003 3280 et
1021 3214 1088 3298 ipso
1103 3212 1237 3279 nominis
1259 3213 1372 3278 honore
1387 3231 1422 3278 ae
1437 3213 1528 3280 titulo

276 3330 496 3398 ecclesiasticas
518 3328 670 3396 libertatis
686 3328 857 3396 defensores
874 3348 992 3414 semper
1007 3328 1110 3395 fuistis
1126 3328 1234 3408 babiti,
1257 3328 1344 3395 illam
1360 3330 1399 3394 ab
1422 3328 1529 3414 impiis

274 3445 445 3526 haereticis,
468 3446 499 3511 et
521 3445 668 3512 falsarum
697 3445 873 3530 opinionum
896 3445 1092 3512 novatoribus
1123 3443 1293 3511 conculcari
1314 3443 1524 3528 permiseritis,

276 3563 452 3646 vestrasque
474 3561 593 3626 montes
615 3561 692 3627 bene
713 3563 805 3628 anton
826 3561 860 3626 in
882 3560 942 3627 fide
971 3561 1129 3641 catholica,
1158 3562 1190 3626 et
1211 3561 1296 3626 cultu
1318 3579 1388 3627 vero
1413 3559 1527 3626 summi

275 3678 334 3744 Dei
362 3677 547 3744 fundatase
575 3675 730 3760 nephariis
758 3675 934 3744 homiuibus
963 3693 1088 3743 omnem
1119 3674 1265 3759 pietatem
1287 3677 1319 3741 ct
1347 3675 1525 3761 religionem

275 3792 528 3860 conlimdontibus
550 3791 677 3859 alienari
699 3794 731 3859 et
744 3791 875 3878 perverti
898 3791 1018 3858 fueritis
1038 3792 1131 3877 passi
1177 3790 1264 3871 Quod
1285 3793 1317 3858 et
1338 3809 1393 3877 pro
1415 3793 1527 3859 honore

275 3909 335 3977 Dei
356 3907 573 3995 omnipotentis
587 3907 758 3993 indignum,
782 3910 813 3974 ot
834 3927 888 3994 pro
903 3909 1031 3992 paterna
1045 3926 1118 3992 erga
1132 3926 1186 3974 vos
1201 3906 1406 3974 beniuolentia
1420 3910 1525 3975 nostra

274 4042 367 4111 grava
389 4026 421 4091 et
434 4024 600 4092 molestum
621 4025 755 4091 marimo
769 4023 881 4090 existit.
927 4021 992 4090 Nec
1006 4025 1112 4090 tamon
1132 4041 1295 4108 possumus
1310 4023 1444 4109 cogibre
1466 4041 1526 4110 qua

273 4140 391 4208 rationo
412 4141 494 4206 leves
517 4142 548 4206 et
569 4139 724 4208 temerarii
745 4139 885 4208 homines
907 4139 1052 4207 adversus
1074 4139 1166 4208 fidem
1188 4158 1292 4207 voram
1313 4141 1345 4206 et
1366 4141 1526 4209 ecclesiam

274 4255 456 4323 catholicam
479 4255 593 4339 inqua
616 4253 749 4340 Spiritus
772 4253 903 4322 Sanetus
925 4275 979 4340 por
1000 4256 1112 4322 electos
1134 4256 1193 4323 Dei
1218 4257 1304 4342 largo
1327 4256 1452 4324 flumine
1475 4257 1523 4324 di·

275 4371 413 4438 vinitatis
435 4372 553 4437 locutus
576 4373 624 4438 est
646 4372 677 4438 ot
699 4390 820 4438 omnem
852 4371 1018 4458 scripturae
1039 4373 1201 4440 veritatem
1215 4373 1334 4457 aperuit
1362 4375 1393 4439 at
1415 4372 1525 4452 docuit,

275 4507 351 4576 quae
372 4487 495 4572 quidem
518 4487 644 4554 ecclesia
666 4507 765 4555 errare
788 4507 848 4554 non
863 4489 972 4573 potest,
989 4507 1059 4555 suas
1082 4489 1194 4574 impias
1216 4489 1372 4574 opiniones
1394 4507 1430 4555 ac
1453 4509 1523 4558 son·
