3396 5090
696 347 940 418 -iih-

786 576 858 640 130.

722 739 912 800 Caesarh

281 897 453 964 Carissimo.
498 895 678 978 Accepimus
699 895 820 960 litteras
843 914 888 961 ru.
910 893 989 960 Julii
1004 894 1092 960 datas
1114 911 1200 978 quae,
1221 894 1301 980 quod
1323 895 1362 962 ad
1377 913 1442 962 cre·

193 1015 287 1080 andos
310 1013 479 1079 cardinales
502 1012 621 1090 attinet,
645 1013 729 1076 tuam
754 1011 841 1076 nobis
863 1011 1051 1076 voluntatem
1068 1010 1283 1094 significabant
1305 1012 1336 1076 et
1358 1013 1446 1076 erant

193 1149 309 1215 quoque
341 1148 434 1194 manu
466 1132 519 1192 tua
550 1128 653 1211 aliqua
683 1126 858 1209 perscripta.
919 1123 1037 1205 Quibus
1069 1125 1201 1192 breviter
1229 1126 1444 1210 respondentes

193 1251 269 1311 seret
298 1248 367 1310 toae
397 1243 578 1309 nunciamus
601 1259 721 1325 semper
750 1241 812 1307 fore
841 1240 930 1308 nobis
953 1243 1025 1306 ante
1054 1241 1157 1307 oculos
1179 1241 1324 1308 honorem
1347 1241 1445 1326 ipsius

192 1363 283 1446 atque
297 1359 532 1444 amplitudinem
548 1358 765 1441 habiturosque
786 1375 842 1423 nos
857 1375 1003 1442 magnam
1019 1357 1168 1424 rationem
1183 1357 1350 1426 uoluntatis
1366 1359 1444 1436 tuae,

192 1479 340 1561 quantum
363 1476 451 1542 nobis
474 1477 610 1558 tempora
633 1475 664 1539 et
686 1473 837 1539 officiosae
859 1472 1037 1557 quandoque
1059 1472 1299 1543 necessitudines
1322 1474 1444 1540 nostrae

194 1591 388 1676 permittent;
412 1610 481 1656 curn
504 1590 585 1656 nihil
606 1589 708 1674 magis
731 1588 889 1672 cupiamus
904 1607 997 1673 quam
1019 1607 1123 1674 gerere
1146 1588 1179 1654 in
1194 1589 1337 1656 omnibus
1360 1592 1445 1655 serti

193 1710 263 1774 tuae
285 1725 409 1772 morem.
449 1706 494 1772 De
517 1706 573 1771 hoo
595 1705 689 1772 latius
705 1704 797 1770 scribi
819 1703 1033 1770 mandavimus
1048 1704 1087 1770 ad
1110 1703 1162 1770 dil
1178 1704 1214 1771 tr.
1229 1703 1445 1770 Baldassarem

193 1823 412 1889 Castilioneom
435 1823 580 1888 nuncium
596 1823 742 1898 nostrum,
765 1820 814 1885 cui
836 1820 939 1886 nostro
963 1820 1085 1886 nomina
1114 1820 1250 1904 loquenti
1273 1824 1369 1886 sere·
1391 1819 1445 1885 111

193 1937 286 2004 fidem
316 1937 449 2004 habebit.
495 1937 611 2002 Datum
633 1937 749 2002 Romae
778 1937 833 2002 eto.
857 1935 905 2000 die
935 1935 1009 2001 xxix.
1033 1935 1168 2020 Augusti
1190 1935 1309 2002 mdxxu
1355 1935 1445 2000 Anno

194 2053 331 2120 secundo.

282 2284 447 2352 Archiduci
468 2284 612 2350 Aushiee
627 2319 671 2332 -
685 2283 854 2368 Responsio
876 2283 916 2350 ad
938 2284 1003 2350 eius
1026 2284 1146 2350 litteras
1168 2283 1206 2350 de
1220 2283 1359 2369 episcopo
1375 2284 1445 2350 lhi-

195 2400 320 2468 dentino
349 2400 388 2466 ad
416 2400 623 2466 cardinalatus
654 2401 800 2466 honorem
828 2399 1039 2484 promouendo.
1093 2400 1124 2466 ii.
1156 2399 1297 2466 Octobris
1327 2399 1446 2466 mdxrv.

193 2518 283 2582 Anno
304 2516 443 2583 secundo.
566 2537 567 2542 ¹

285 2631 456 2698 Mmchioni
477 2630 622 2698 Mantuae
644 2669 688 2680 -
710 2630 748 2697 do
771 2631 856 2698 obitu
878 2630 1043 2697 cardinalis
1060 2629 1252 2716 sigismundi
1276 2629 1446 2716 Gomagae.

196 2786 241 2798 -
264 2747 326 2814 viii
349 2746 498 2826 Octobris,
521 2766 601 2814 anno
623 2749 658 2812 11
681 2766 780 2831 supra.

285 2863 410 2930 Herodi
432 2861 593 2949 Gonnagae
615 2901 660 2911 —
682 2863 821 2930 condolet
842 2862 977 2949 pontion
995 2863 1033 2929 de
1055 2863 1140 2930 obitu
1163 2862 1328 2930 cardinalis
1345 2862 1446 2947 Sigis-

197 2980 312 3059 mundi
335 2979 520 3064 spondetque
544 2999 584 3058 se,
607 2979 640 3044 in
662 2979 799 3063 proxima
821 2979 1022 3046 cardinalium
1045 2979 1203 3060 creatione,
1227 2998 1296 3045 eum
1319 2979 1374 3045 illa
1397 2979 1446 3045 di-

197 3097 314 3180 gnitate
337 3097 522 3162 ornaturum.
568 3096 683 3161 Romae
706 3094 768 3160 viii
792 3095 934 3162 Octobris
956 3095 1075 3161 mdrxv.
1120 3096 1209 3161 Anno
1233 3094 1370 3161 secundo.

791 3357 862 3422 131.

613 3521 791 3580 cardinali
815 3522 1036 3594 Magununo.

288 3675 407 3742 Dilecto
439 3675 485 3740 fili
516 3675 626 3742 noster.
682 3672 884 3740 Gratissimas
914 3674 1001 3741 nobis
1030 3673 1202 3758 accepimus
1231 3674 1352 3740 litteras
1380 3677 1450 3740 tuas

197 3790 273 3856 nir.
295 3790 430 3874 dngrrsti
452 3789 548 3868 datas,
571 3809 647 3874 quoe
661 3790 885 3858 excusationem
908 3789 1130 3874 quodammodo
1152 3790 1307 3856 actionum
1326 3793 1449 3856 tuarum

198 3907 401 3986 continebant
424 3906 461 3973 de
483 3905 533 3972 his
556 3925 632 3991 quae
656 3925 742 3972 secus
764 3905 801 3972 de
824 3907 878 3971 tua
900 3905 1078 3990 integritate
1100 3907 1131 3971 et
1153 3905 1326 3971 constantia
1347 3909 1450 3971 essent

199 4021 364 4106 diuulgato.
410 4021 512 4105 Atque
533 4023 568 4086 ut
591 4021 877 4100 11111111111111,
905 4021 1028 4087 fuerunt
1050 4020 1173 4105 quidem
1196 4020 1252 4086 illa
1273 4021 1451 4087 circumlata

202 4137 392 4203 sermonibus
415 4137 454 4202 ad
484 4155 629 4222 auresque
652 4137 772 4203 nostras
796 4139 1013 4220 peruenenmt;
1043 4136 1096 4202 sed
1120 4154 1175 4202 nos
1190 4135 1243 4221 qui
1264 4137 1450 4222 circumspe-

197 4251 308 4318 ctionis
331 4255 402 4318 tuae
424 4251 562 4318 animum
577 4253 757 4336 plenamque
781 4252 905 4336 pietatis
921 4253 1056 4319 montem
1080 4253 1346 4336 cognoscebamus,
1369 4273 1449 4318 111-

197 4387 291 4452 quam
313 4367 469 4452 potuimus
492 4367 600 4434 adduci
622 4369 656 4434 ut
679 4367 867 4435 crederemus
891 4370 1012 4436 tantum
1036 4367 1122 4434 nefas
1141 4387 1159 4433 1
1181 4369 1238 4434 tali
1261 4370 1292 4434 et
1315 4367 1451 4452 principe

197 4485 229 4548 et
250 4482 400 4550 cardinali
419 4483 563 4550 advemus
587 4483 748 4566 ipsiusmet
766 4483 950 4567 dignitatem
972 4483 1067 4556 fuisse
1082 4486 1289 4552 commissum.
1330 4481 1450 4564 Quam·
