3400 5088
658 329 903 396 -129-

155 528 237 595 diem
259 526 377 594 assidui
391 525 514 607 1616166,
537 525 673 593 dolentes
688 527 719 592 et
741 525 898 611 gementes
914 525 981 590 tum
996 521 1122 590 esitium
1137 523 1309 591 animarum
1327 541 1404 609 qua-

154 665 223 710 rum
246 643 387 729 precipue
401 642 490 710 nobis
513 661 583 708 cura
607 642 705 708 aDeo
727 640 910 707 demandata
924 641 980 718 est,
1002 641 1069 705 tum
1084 639 1174 705 istius
1196 641 1406 706 nobilissimae

156 762 187 827 et
201 760 290 828 nobis
306 760 504 825 charissimae
520 756 718 825 Germanicae
733 756 867 823 nationis
883 757 1029 822 damnum
1046 757 1076 820 et
1091 756 1308 840 ignominiam
1331 776 1407 841 quas

157 878 278 944 nostras
308 875 495 941 hortationes
524 893 594 941 cum
624 874 726 958 plures
748 873 780 940 et
809 871 923 938 maiore
946 870 1046 938 studio
1077 873 1297 956 sussepissent,
1326 875 1409 938 esset

159 1011 239 1058 nunc
261 992 311 1058 illi
332 992 444 1076 populo
466 1009 485 1056 a
507 991 571 1056 Deo
601 989 682 1055 iacta
712 990 811 1066 salns;
841 987 895 1054 sed
916 1006 1013 1071 neque
1042 986 1225 1054 desistemus
1248 989 1304 1054 hoc
1326 989 1409 1054 idem

162 1127 251 1193 agere
279 1128 334 1193 per
356 1106 526 1173 occasiones
556 1107 736 1189 temporum.
781 1102 872 1170 Nunc
901 1102 1023 1186 quidem
1047 1103 1126 1188 quod
1148 1104 1188 1169 ad
1211 1107 1279 1170 tuas
1301 1107 1409 1188 postu-

161 1225 292 1292 lationes
314 1225 346 1290 et
367 1223 419 1307 pia
441 1241 477 1288 ac
500 1222 606 1287 sancta
635 1219 785 1287 desideria
813 1219 934 1298 attinet,
963 1220 1121 1286 laudantes
1152 1241 1271 1286 summe
1300 1239 1427 1305 propo·¹

164 1340 260 1408 situm
282 1341 314 1406 61
328 1338 522 1423 prudentiam
538 1339 639 1404 nob.tis
659 1339 737 1416 tuae,
761 1336 905 1420 quoniam
919 1335 1069 1401 eiusmodi
1083 1337 1261 1403 1666116166]
1276 1338 1413 1421 66166616

164 1454 380 1522 ecclesiasticis
395 1454 512 1521 tibuere
527 1454 646 1538 oportet
667 1453 752 1518 iuxta
766 1452 886 1519 ordines
902 1452 932 1518 et
954 1453 1076 1536 regulas
1094 1453 1267 1519 sanctornm
1282 1456 1414 1538 patrum,

165 1571 218 1658 qni
239 1573 346 1657 postea
367 1573 439 1636 tuae
453 1568 645 1636 auctoritatis
668 1568 771 1654 gladio
786 1567 898 1634 armati
919 1568 1100 1634 mandatum
1122 1570 1153 1634 et
1167 1570 1415 1636 commissionem

166 1707 254 1755 suam
284 1688 475 1772 exequantur,
505 1684 728 1752 committimus
757 1686 860 1751 tenore
880 1685 1070 1768 presentium
1091 1686 1123 1752 et
1145 1685 1323 1752 facultatem
1345 1705 1414 1754 am·

166 1804 250 1889 plam
273 1802 381 1869 domm
411 1801 463 1868 dil
486 1801 524 1867 fn.
539 1803 642 1868 nostro
671 1800 928 1867 llrhardocard.1i
954 1800 1128 1868 Leodiensi:
1157 1803 1287 1888 etipse,
1310 1804 1417 1889 quiet

167 1920 306 1986 homines
329 1921 360 1986 et
375 1938 424 1988 res
438 1918 531 1985 habet
553 1918 701 2002 cognitas,
724 1919 802 1984 tales
816 1935 960 2002 personas
983 1917 1128 1999 nominet
1151 1939 1228 2003 quae
1250 1923 1282 1988 et
1303 1923 1416 1990 virtute

169 2039 200 2102 61
221 2032 368 2122 religione
390 2037 422 2102 et
443 2034 581 2102 doctrina
603 2035 692 2118 aptae
708 2034 771 2100 sint
793 2033 832 2098 ad
854 2033 1069 2118 inquirendum
1091 2037 1197 2102 contra
1219 2038 1418 2118 lutheranae,

170 2155 201 2220 et
222 2171 273 2220 eos
296 2151 324 2218 si
338 2151 469 2218 convicti
490 2150 604 2216 1661161
618 2150 668 2216 161
689 2150 859 2234 cogendum
882 2151 917 2215 ut
938 2149 1119 2234 resipiscant
1135 2153 1184 2218 rel
1205 2153 1233 2220 si
1250 2155 1419 2237 pertinaces

170 2269 204 2336 16
219 2287 273 2335 666
289 2268 399 2336 scelere
421 2268 453 2333 et
467 2265 625 2350 impietate
639 2265 862 2350 permanserint
885 2266 1030 2350 tanquam
1052 2266 1201 2334 hereticos
1218 2271 1421 2353 puniendum

173 2404 248 2470 quae
269 2384 365 2451 etiam
386 2401 532 2468 personae
554 2382 756 2448 nominandae
785 2381 843 2447 tibi
864 2384 971 2466 gratae
1000 2384 1031 2448 et
1053 2385 1191 2467 acceptae
1220 2405 1287 2452 esse
1309 2387 1420 2473 digno·

175 2499 337 2584 scantur.1)
383 2498 450 2564 Nos
472 2499 555 2565 enim
576 2499 692 2565 talibus
715 2498 769 2583 qui
790 2518 843 2581 per
866 2498 981 2564 dictum
1011 2499 1197 2566 cardinalem
1219 2503 1370 2570 nominati
1391 2507 1423 2572 61

176 2619 253 2682 616
282 2614 587 2699 6666616111661161,
618 2633 741 2680 omnem
771 2615 873 2680 tenore
902 2615 1090 2698 presentium
1119 2616 1228 2682 damus
1257 2623 1424 2703 apostolica

176 2731 356 2798 anctoritate
377 2729 555 2796 facultatem
585 2729 731 2796 simulet
753 2731 937 2814 potestatem
958 2733 1063 2796 contra
1085 2730 1182 2798 dictas
1205 2735 1426 2804 ecclesiasticas

176 2865 329 2932 personas,
351 2865 428 2930 quae
443 2847 614 2931 compertae
627 2846 662 2911 in
675 2846 736 2912 ista
757 2845 873 2912 6616116
894 2846 993 2912 heresi
1008 2846 1122 2914 1661161
1136 2850 1315 2931 procedendi
1330 2852 1425 2920 ctiam

180 2963 309 3030 11161666
330 2963 392 3029 1616
414 2961 572 3028 indenda
602 2962 768 3028 summarie
796 2981 830 3028 as
853 2962 891 3029 de
911 2962 1003 3046 plano
1033 2964 1098 3028 sola
1127 2964 1254 3032 16111616
1282 2966 1428 3052 inspecta,

181 3082 220 3160 61
243 3079 272 3146 61
293 3077 447 3146 convictae
469 3077 590 3157 1661161
613 3077 684 3144 illas
707 3077 826 3162 publico
850 3079 1013 3144 retrodare
1034 3079 1161 3163 cogendi
1184 3083 1238 3147 ant
1259 3083 1429 3167 pertinaces

183 3198 214 3261 61
235 3194 405 3262 obstinatos
427 3194 570 3260 extemis
601 3193 759 3278 suppliciis
788 3193 934 3278 puniendi
955 3195 1040 3259 iuxta
1061 3193 1199 3262 ordinem
1221 3199 1252 3263 et
1274 3217 1389 3266 morem
1413 3219 1431 3266 a

185 3310 299 3377 sanctis
321 3309 460 3394 patribus
476 3311 507 3375 et
525 3310 659 3376 romanis
681 3309 874 3394 pontificibus
891 3311 995 3376 eontra
1017 3310 1166 3376 hereticos
1190 3315 1349 3393 statutum
1372 3333 1433 3380 non

185 3425 379 3492 obstantibus
401 3425 648 3510 quibuscumque.
686 3425 732 3492 Tu
755 3445 826 3510 ergo
841 3425 950 3492 dilecte
973 3425 1019 3490 fili
1041 3425 1074 3491 in
1088 3426 1146 3491 hac
1167 3427 1219 3511 616
1240 3430 1272 3494 61
1286 3429 1435 3497 catholica

187 3541 290 3606 mente
312 3559 384 3626 erga
406 3541 646 3624 omnipotentem
661 3541 761 3606 Deum
783 3559 978 3625 perseverans
1000 3541 1149 3608 confidere
1163 3542 1287 3608 debebis
1310 3546 1340 3611 te
1363 3565 1433 3629 pre·

188 3657 252 3722 mia
275 3657 313 3722 ab
335 3675 369 3722 eo
385 3655 479 3741 digm
502 3675 520 3722 a
542 3657 630 3723 nobis
645 3656 769 3742 quidem
791 3677 913 3724 omnem
928 3657 1062 3741 gratiam
1084 3677 1103 3722 a
1125 3660 1243 3724 cunctis
1261 3661 1437 3728 hominibus

189 3773 312 3839 16611616
334 3773 566 3855 reportaturum.
611 3772 728 3838 Datum
750 3773 864 3839 Romae
887 3772 936 3840 die
958 3773 1039 3840 xxiii.
1054 3774 1171 3858 Aprilis
1193 3774 1311 3841 mdrrv.
1349 3777 1439 3843 Anno

191 3887 328 3954 66666116.

288 4173 306 4241 Ι)
326 4175 369 4224 1116
387 4177 543 4235 sequebantur
562 4178 586 4224 ln
611 4177 720 4233 originali
744 4179 835 4224 minute
854 4179 923 4224 rerba
944 4181 1027 4238 postea
1054 4179 1157 4227 omissa:
1195 4179 1285 4242 ,Super
1310 4196 1356 4241 quo
1382 4184 1444 4232 illius

196 4275 395 4335 circumspectioni
414 4277 440 4323 61
456 4278 599 4335 potestatam
617 4276 764 4323 concedimus
781 4279 807 4323 61
824 4276 880 4322 talis
898 4289 966 4323 corae
989 4279 1149 4336 susapiendae
1166 4290 1226 4325 onus
1244 4293 1271 4327 ac
1289 4281 1392 4329 debitum
1411 4284 1446 4328 iu-

197 4373 339 4430 irrumare

253 4593 353 4640 apr-totu
369 4595 476 4630 (1161666116
490 4594 537 4634 vn,
1271 4585 1291 4648 9
