3364 5102
673 333 828 403 -363
873 368 918 382 -

169 547 260 594 cuum
283 528 439 606 deaerant;
462 546 535 594 nam
557 529 605 594 est
626 527 716 594 testis
740 529 819 596 mihi
841 530 924 596 solus
945 530 1029 596 Deus
1058 527 1138 612 quod
1160 546 1216 613 ego
1238 545 1299 592 non
1321 526 1418 592 habeo

169 645 243 729 quid
265 645 329 711 illis
344 643 512 720 conferam3
535 647 678 730 argentea
697 646 800 712 antem
815 645 1011 712 eeclesiemm
1033 645 1073 711 ad
1094 646 1149 710 hec
1165 664 1205 711 m.
1221 664 1248 715 v,
1264 642 1342 708 mihi
1358 661 1418 708 non

168 763 294 845 prebeat
316 762 387 846 quia
413 779 473 827 non
496 760 590 826 audeo
622 761 752 845 recipere
775 763 842 828 tum
865 783 900 838 er
929 761 1121 839 conscientia,
1150 762 1218 827 tum
1241 760 1312 844 quia
1341 758 1419 824 mihi

168 897 223 962 pro
239 897 320 944 nunc
341 878 379 944 ad
395 878 452 943 hoc
466 877 627 962 negocium
649 877 729 944 nihil
743 878 908 962 prodesset,
932 877 1003 963 quia
1018 877 1069 944 hic
1091 897 1145 942 nec
1160 895 1296 942 cursores
1311 894 1418 942 mone·

169 995 272 1059 tarum
294 1013 350 1060 nec
372 995 422 1059 cui
442 993 680 1080 impignorarem
701 995 860 1062 habentur.

261 1109 356 1177 Pauci
383 1111 477 1178 etiem
507 1111 672 1178 Nazadiete
701 1115 765 1178 mi·
788 1133 815 1177 v.
840 1113 902 1177 iam
927 1112 1000 1178 sunt
1022 1111 1114 1178 multi
1142 1110 1208 1176 dies
1237 1109 1318 1194 quod
1347 1127 1419 1176 con·

169 1227 255 1294 tinue
277 1227 377 1293 iacent
399 1246 452 1310 per
474 1226 614 1294 Nazados
645 1227 781 1294 sednon
803 1228 918 1294 habent
940 1227 1013 1313 quid
1035 1227 1220 1293 manducent
1242 1229 1274 1295 et
1295 1226 1357 1293 nisi
1379 1246 1420 1294 m.

168 1364 197 1410 v.
220 1363 274 1428 per
295 1343 496 1411 ebdomadam
518 1362 569 1410 eos
591 1343 727 1428 pecuniis
749 1344 914 1428 providerit
936 1363 1041 1410 verum
1064 1345 1112 1410 est
1134 1343 1213 1428 quod
1235 1363 1340 1410 omnes
1363 1361 1419 1408 au-

170 1460 290 1544 fugient
312 1479 367 1526 nec
389 1461 531 1543 poterunt
545 1460 657 1526 famem
681 1460 732 1526 hic
747 1459 884 1538 sunone
907 1480 966 1546 quo
989 1461 1068 1527 facte
1091 1461 1122 1527 et
1136 1460 1184 1526 vis
1206 1459 1325 1526 navalis
1340 1460 1420 1525 Tor·

170 1596 276 1644 eorum
299 1577 365 1643 sine
386 1575 589 1660 prohibitione
612 1577 696 1643 omni
717 1577 812 1643 libere
835 1578 947 1662 poterit
969 1577 1144 1654 ascendere;
1172 1575 1252 1661 quod
1274 1575 1357 1642 enim
1380 1595 1421 1642 m.

171 1715 199 1760 v.
215 1713 310 1778 nuper
324 1713 378 1778 per
399 1713 449 1760 me
464 1691 528 1758 illis
544 1692 670 1759 miserat
693 1691 732 1758 ad
754 1693 893 1760 debitum
910 1695 1017 1760 statim
1032 1693 1129 1760 coacti
1152 1694 1223 1759 sunt
1238 1692 1422 1777 persolvere;

171 1811 292 1875 constat
314 1809 397 1875 enim
412 1828 453 1874 m.
468 1828 496 1874 v.
512 1808 593 1893 quod
614 1827 711 1894 neque
734 1810 861 1894 antiqua
882 1829 987 1877 eorum
1004 1809 1127 1876 servitia
1143 1809 1241 1876 adhuc
1264 1809 1336 1874 sunt
1350 1827 1420 1890 per-

172 1924 394 2004 solummodo
417 1925 519 1990 autem
542 1944 602 1991 non
625 1928 754 2010 possunt
781 1928 904 1993 tantum
926 1927 1081 2012 expectare
1104 1925 1183 1992 sicut
1205 1925 1265 1992 alio
1288 1926 1423 2008 tempore
1555 1988 1558 1994 .

172 2060 244 2107 nam
275 2040 352 2107 alios
382 2059 432 2106 eos
462 2039 575 2124 partim
598 2041 778 2108 adlabores
808 2042 967 2108 emisimus
997 2044 1110 2108 metere
1133 2042 1182 2107 vel
1203 2040 1369 2125 ligonizare
1391 2040 1423 2106 et
1553 2133 1555 2138 Α

172 2158 218 2223 616
240 2157 356 2224 uictum
385 2155 446 2222 sibi
471 2155 547 2240 ipsis
577 2157 810 2241 acquisiverunt,
841 2158 894 2225 sed
916 2178 970 2243 pro
993 2176 1073 2224 nunc
1103 2158 1184 2223 stare
1206 2175 1267 2223 non
1295 2155 1424 2240 possunt

172 2272 244 2358 quie
259 2271 403 2339 deberent
418 2272 559 2338 continue
582 2291 671 2356 super
685 2274 772 2358 ligna
794 2274 900 2341 adesse
922 2275 954 2340 et
969 2273 997 2339 si
1011 2273 1105 2339 etiam
1128 2272 1319 2370 aliquatenus
1335 2270 1424 2337 liberi

172 2389 273 2455 forent
294 2407 375 2454 nunc
401 2389 434 2453 in
458 2386 581 2454 Sirimio
609 2409 698 2456 nemo
721 2389 795 2456 facit
823 2389 987 2475 ligonizare
1010 2407 1083 2454 nam
1104 2389 1167 2455 iam
1190 2389 1329 2473 pastores
1352 2388 1425 2453 sunt

173 2504 213 2570 ad
236 2504 340 2570 vineas
361 2503 499 2586 impositi
521 2504 707 2588 incongniti;
738 2505 765 2570 61
786 2505 883 2590 igitur
906 2524 957 2571 sex
980 2507 1034 2570 aut
1061 2507 1179 2588 septem
1201 2503 1309 2571 diebus
1331 2522 1372 2570 m.
1395 2522 1423 2568 v.

171 2619 250 2704 ipsis
271 2619 415 2703 pecunim
438 2638 499 2685 non
521 2619 640 2685 miserit
663 2622 743 2687 certe
765 2640 871 2688 omnes
893 2621 1059 2706 audrgient.

260 2735 338 2801 Tota
360 2734 454 2801 etiam
477 2735 657 2802 rescieritae
672 2737 745 2804 hinc
767 2738 804 2804 de
826 2739 916 2822 portu
939 2737 1016 2804 abiit
1039 2737 1077 2802 ad
1096 2737 1190 2804 aliam
1212 2737 1331 2822 partem
1353 2735 1423 2802 Mo·

170 2851 246 2918 roaii
260 2851 332 2935 quia
347 2871 387 2916 m.
404 2871 430 2916 v.
447 2868 506 2918 non
529 2852 648 2918 curavit
661 2854 781 2937 qnando
796 2854 966 2920 scribebam
989 2853 1068 2938 quod
1092 2852 1119 2920 si
1134 2873 1174 2919 m.
1189 2872 1217 2919 v.
1232 2853 1266 2919 in
1289 2853 1424 2937 tempore

171 2968 279 3052 gentes
308 2967 367 3032 huc
396 2966 556 3033 demittere
585 2967 762 3052 dignaretur
785 2970 834 3036 vel
855 2987 915 3035 xxm
943 2969 1103 3036 hominum
1132 2987 1291 3053 possemus
1317 2968 1368 3034 bic
1390 2967 1424 3034 in

171 3084 262 3167 portu
284 3083 381 3167 gratis
397 3101 573 3150 conservare
595 3103 630 3149 er
646 3085 769 3164 colonie,
793 3084 847 3151 sed
868 3085 932 3150 iam
955 3085 1026 3169 quia
1048 3104 1109 3150 non
1123 3084 1295 3151 habuerunt
1316 3083 1350 3150 in
1364 3102 1423 3170 quo

170 3199 327 3283 sperarent
348 3217 453 3264 omnes
475 3199 623 3265 abierunt.

261 3313 332 3379 Non
354 3313 450 3380 habeo
474 3315 523 3380 eui
546 3315 716 3399 supplicare
739 3317 842 3400 etque
864 3318 965 3399 petere
987 3319 1022 3382 ut
1044 3317 1104 3382 huc
1127 3315 1230 3382 veniat
1252 3315 1323 3402 quia
1338 3335 1379 3381 m.
1394 3335 1422 3382 v.

171 3430 271 3494 totum
295 3448 422 3513 regnum
446 3449 535 3495 suum
551 3431 639 3498 vocat
660 3431 700 3496 ad
715 3431 833 3498 Tholna
855 3433 886 3497 61
909 3431 947 3497 ad
963 3433 1075 3509 llaeelr3
1097 3433 1237 3517 poterant
1259 3433 1289 3498 et
1305 3449 1340 3497 ex
1362 3430 1423 3498 isto

171 3543 248 3609 vado
271 3545 401 3610 transire
424 3544 462 3610 ad
486 3545 582 3610 llzeelr
605 3547 637 3614 et
658 3547 771 3613 vadum
794 3548 844 3614 hic
866 3547 1005 3614 cohibere
1027 3567 1096 3614 com
1119 3547 1252 3632 ingeniis
1274 3547 1370 3614 immo
1392 3549 1424 3614 61

170 3661 271 3725 eastra
293 3660 422 3727 liberare
438 3659 486 3726 vel
508 3661 720 3728 tantummodo
743 3664 807 3729 illis
822 3682 1001 3742 antecurrens,
1026 3662 1079 3729 sed
1100 3664 1135 3729 in
1155 3664 1220 3729 tote
1243 3662 1293 3730 hic
1315 3664 1422 3747 gentes

170 3794 230 3842 non
260 3776 408 3842 habemus
438 3777 614 3860 armigeros,
644 3781 744 3861 preter
773 3778 801 3845 d.
826 3777 1067 3863 Strigoniensem
1096 3781 1219 3846 centum
1247 3779 1422 3858 bunarones,

170 3890 306 3957 eiusdem
322 3892 439 3958 domini
459 3893 704 3959 reverendissimi
720 3892 940 3978 Strigoniensis
955 3894 1024 3979 equi
1040 3895 1069 3960 Ιο
1091 3895 1170 3962 dom.
1187 3893 1222 3975 Q.
1238 3894 1301 3960 lvii.
1316 3895 1422 3961 Abbas

171 4007 380 4074 Sarardiensis
404 4011 487 4076 solus
510 4012 557 4075 eet
580 4009 630 4074 hie
653 4028 723 4075 cum
745 4011 805 4076 Lo
826 4009 987 4094 armigeris
1010 4013 1041 4076 et
1061 4011 1132 4076 aliis
1147 4011 1208 4076 Inte
1230 4009 1421 4087 hominibus3

168 4123 245 4188 item
268 4122 296 4188 d
312 4123 437 4211 Raskaij
462 4126 493 4191 et
508 4125 691 4192 Valentinus
714 4125 896 4203 Thamari,
920 4126 972 4210 qui
987 4126 1170 4192 Valentinus
1186 4127 1304 4192 Therek
1326 4125 1422 4193 esurit

168 4237 261 4304 sicuti
284 4240 344 4305 mei
366 4241 414 4306 uel
429 4239 607 4317 Nazadiste3
630 4240 658 4306 si
673 4261 700 4306 v.
716 4261 756 4306 m.
779 4259 840 4306 non
855 4241 1021 4324 providerit
1041 4242 1156 4307 babent
1178 4243 1209 4307 61
1228 4241 1320 4307 ceteri
1335 4241 1422 4306 tanta

168 4355 250 4421 bona
273 4355 352 4421 sieut
374 4355 516 4422 dominus
531 4356 714 4423 Valentinus
737 4355 856 4423 'lberali
877 4359 910 4423 et
931 4359 1034 4424 tamen
1057 4357 1123 4423 sine
1144 4357 1315 4441 provisione
1336 4375 1377 4420 m.
1392 4374 1420 4420 v.

167 4487 229 4537 non
252 4473 332 4538 sunt
