3400 5088
789 285 1034 352 -148-

282 482 383 569 pharii
397 481 535 549 homines
557 479 694 548 ministri
708 478 861 549 Sathenae
883 481 937 566 qui
958 479 1100 549 fidelibus
1116 481 1174 549 Dei
1195 482 1308 567 en‘pere
1330 483 1432 551 conati
1453 485 1534 566 sunt,

281 601 474 688 quotidieque
503 599 658 678 conantur,
687 597 740 682 qui
761 597 922 682 perfidiam
942 617 997 683 pro
1019 596 1087 679 fide,
1117 598 1338 666 contumaciam
1368 619 1422 685 pro
1446 621 1530 668 reve-

280 718 386 797 rentie,
408 736 463 802 pro
477 714 664 781 continentia
686 715 799 793 lurum,
821 713 933 780 ubam
947 714 1228 798 interpretationem
1244 715 1463 800 scriptuarum
1477 738 1530 802 pro

280 834 359 900 ueris
382 834 414 899 et
435 851 453 898 a
475 831 680 898 sanctissimis
694 830 833 914 patribus
856 829 947 896 editis
969 830 1269 915 interpretationibus
1284 833 1402 917 passim
1424 853 1530 902 omnes

278 949 418 1016 homines
440 948 546 1014 docere
567 947 736 1027 molientes,
765 943 881 1012 Christi
910 946 1121 1014 tantummodo
1151 948 1273 1015 nomino
1302 949 1416 1031 relicto,
1446 951 1529 1018 chri·

278 1065 379 1132 atiena
401 1063 505 1131 omnia
519 1064 625 1130 volunt
647 1064 786 1130 euertere.
818 1060 935 1143 Quibus
950 1065 985 1130 ut
1000 1047 1221 1146 resisteremus
1245 1063 1318 1152 quid
1333 1084 1389 1132 noa
1404 1067 1528 1146 laboris,

278 1182 352 1268 quid
373 1199 536 1248 aerumnae
558 1198 619 1246 non
642 1178 853 1262 suscepimus?
876 1177 984 1246 dantes
1006 1180 1063 1246 hoc
1085 1180 1223 1247 debitum
1238 1180 1304 1247 Deo
1326 1181 1528 1266 omnipotenti

277 1300 309 1365 et
330 1298 429 1365 officio
451 1297 564 1376 nostro,
586 1314 644 1380 quo
667 1295 706 1362 ad
728 1313 833 1360 curam
856 1295 965 1362 ednbs
988 1295 1161 1364 animarum
1175 1298 1274 1364 nostri
1295 1297 1401 1364 dilecti
1422 1299 1526 1384 gregis

277 1415 410 1481 manime
431 1415 585 1480 bnemur:
615 1411 669 1477 sed
690 1412 726 1477 ut
748 1410 779 1476 id
802 1403 917 1478 maior'e
938 1430 1009 1478 cum
1031 1412 1134 1480 animo
1157 1413 1188 1478 et
1210 1412 1322 1479 fiducia
1343 1433 1526 1499 gereremus,

276 1531 394 1597 vestae
415 1529 612 1615 potissimum
633 1527 717 1592 fama
732 1525 864 1606 virtutis,
887 1529 990 1593 vestra
1011 1527 1103 1594 ofilii
1124 1527 1229 1596 dilecti
1250 1529 1396 1611 doctrina,
1419 1532 1525 1598 aucto-

275 1647 361 1726 ritas,
384 1646 514 1730 relligio,
529 1663 584 1711 nos
599 1644 634 1710 in
655 1643 712 1710 boc
727 1642 895 1726 plurimum
918 1641 1043 1722 adiuuit,
1066 1644 1177 1710 vostris
1192 1645 1276 1711 enim
1290 1645 1433 1731 inprimis
1451 1667 1524 1714 cou-

275 1764 355 1830 eiliis
370 1764 401 1830 et
410 1760 723 1838 determinationibus,
738 1760 844 1825 contra
852 1757 1021 1826 Lutberum
1035 1757 1150 1827 aecum
1166 1763 1222 1842 est,
1237 1763 1273 1827 nt
1281 1761 1411 1831 istorum
1427 1765 1526 1832 scelus

274 1881 306 1947 et
326 1879 471 1965 impietas
499 1877 610 1944 clarior
638 1877 810 1960 appareret,
840 1876 875 1941 ut
897 1875 1000 1942 minue
1022 1876 1137 1942 multos
1167 1875 1309 1945 inducere
1338 1881 1464 1964 possent
1491 1881 1526 1947 in

273 1995 411 2062 taudem
434 1996 466 2061 et
486 1993 690 2078 iniquitatem,
720 2010 774 2077 pro
797 2010 856 2076 quo
885 2010 939 2058 vos
969 1991 1049 2058 facto
1079 1991 1189 2061 eximio
1212 1993 1244 2059 et
1265 1996 1526 2064 commemorabili

272 2113 341 2178 laus
363 2093 487 2197 quidem
509 2110 540 2176 et
554 2108 655 2194 grstia
677 2108 758 2193 apud
778 2106 918 2174 homines
934 2108 1043 2192 ingene
1067 2110 1227 2176 consecuta
1249 2112 1305 2191 est,
1328 2112 1410 2196 apud
1423 2113 1523 2180 Deum

272 2247 342 2296 vero
365 2246 401 2295 ea
422 2226 508 2294 uobis
530 2225 648 2310 premia
669 2225 777 2309 parata
798 2225 895 2304 erunt,
918 2243 994 2309 quae
1018 2225 1098 2291 tenti
1127 2226 1262 2292 muneris
1285 2228 1317 2293 et
1339 2227 1432 2295 officii
1454 2247 1520 2294 me·

272 2345 367 2411 ritum
396 2345 497 2428 potest
524 2341 697 2426 promereri
741 2339 807 2406 Nos
829 2340 953 2424 quidem
974 2342 1008 2407 in
1036 2341 1133 2408 mutis
1156 2341 1299 2410 fluctibus
1328 2345 1522 2428 perturbatae

271 2462 303 2528 et
324 2460 456 2527 afflictae
469 2458 654 2526 christianae
672 2456 854 2542 reipublicae
876 2457 1072 2524 excellentem
1086 2457 1328 2544 catholicumque
1349 2459 1520 2528 doctrinam

269 2577 361 2644 istius
375 2578 493 2645 vestae
508 2575 678 2661 praeclarae
692 2573 902 2640 universitatis
917 2572 1061 2640 adversus
1076 2575 1284 2642 Lutberanam
1305 2578 1520 2662 tempestatem

269 2713 324 2779 pro
345 2694 466 2762 bmone
488 2695 519 2759 et
540 2691 743 2778 gubernaculo
772 2689 908 2757 habituri
936 2709 1051 2758 sumus.
1097 2688 1180 2770 Quae
1203 2691 1231 2757 si
1257 2692 1372 2776 profuit
1392 2693 1425 2760 et
1445 2693 1518 2760 fidei

270 2807 387 2876 Christi
407 2812 439 2876 et
461 2809 590 2876 Sanctae
613 2807 685 2875 Sodi
706 2806 889 2892 apostolicae
910 2807 942 2873 et
964 2806 1105 2874 omnibns
1128 2806 1219 2874 rectis
1241 2826 1277 2873 ac
1298 2807 1440 2876 fidelibus
1462 2827 1518 2895 pc·

269 2926 350 3011 pulis
372 2928 446 2992 tunc
467 2943 537 2992 cum
558 2925 654 2991 etiam
675 2925 766 3009 longe
788 2943 807 2989 a
829 2921 916 2990 vobis
939 2920 1091 2990 Sationes
1113 2923 1220 3009 etqui
1242 2921 1396 2992 Sathenae
1417 2925 1517 2993 ineer-

268 3043 356 3108 viunt
377 3042 506 3108 miseras
528 3039 667 3108 nationes
689 3039 926 3107 christianomm
948 3038 1216 3124 depopulabantur,
1247 3057 1282 3106 ac
1304 3039 1518 3125 imperiturum

268 3158 513 3243 simpliciumque
535 3157 708 3224 animarum
730 3155 866 3223 infelices
889 3153 998 3240 predas
1020 3156 1153 3240 egebant
1174 3158 1287 3240 quanto
1310 3176 1391 3224 nnnc
1413 3158 1516 3244 magis

265 3273 485 3341 intendendum
506 3274 592 3341 vobis
607 3273 766 3357 ingenium
788 3273 844 3352 est,
867 3273 899 3337 et
920 3270 1024 3338 omnia
1045 3289 1131 3337 orme
1144 3271 1319 3339 litterarum
1341 3291 1377 3339 ac
1392 3274 1514 3359 eapien-

265 3391 327 3458 tine
348 3393 468 3458 restrae
489 3389 713 3468 commovenda,
735 3390 770 3454 ut
785 3407 856 3454 cum
878 3389 1004 3455 domum
1017 3389 1152 3455 vestrum
1174 3387 1308 3472 ceperint
1330 3408 1514 3476 oppugnare,

266 3509 298 3573 et
318 3508 353 3573 in
373 3507 434 3573 isto
456 3506 570 3591 inclyto
592 3523 686 3591 regno
708 3506 852 3590 graemri,
874 3505 993 3572 vestrae
1008 3504 1131 3570 ubtutis
1154 3506 1185 3571 et
1207 3504 1400 3573 auctoritatis
1422 3525 1512 3592 prae-

264 3623 353 3691 sidiis
373 3623 547 3700 eiiciantur;
570 3623 724 3707 praeclare
745 3622 847 3688 extitit
868 3641 939 3688 cura
961 3622 993 3687 et
1015 3621 1191 3687 deliberatio
1207 3621 1298 3688 istius
1320 3621 1426 3689 eximii
1447 3623 1511 3688 Pu-

263 3739 402 3807 risicnsis
424 3740 548 3806 senatus
570 3738 705 3825 quinon
728 3739 827 3805 solum
850 3757 954 3804 curum
977 3738 1165 3804 voluntatem
1188 3737 1353 3805 declaravit
1375 3739 1511 3808 suumin

263 3855 321 3924 hac
341 3858 427 3942 peste
440 3855 578 3936 arcenda,
601 3856 654 3922 sed
668 3855 762 3922 otium
784 3855 925 3922 hominos
939 3854 1062 3922 idoneos
1084 3853 1242 3940 deputavit
1264 3855 1317 3941 qni
1334 3855 1512 3923 meisterent

262 3975 352 4042 rebus
373 3973 524 4059 gerendis,
545 3990 620 4056 quos
635 3990 690 4038 noe
712 3974 818 4039 nostra
839 3991 956 4058 quoque
970 3971 1150 4038 anctoritate
1172 3971 1422 4057 approbavimus;
1441 3973 1509 4039 sin-

261 4089 378 4176 gularis
400 4090 498 4156 virtus
513 4090 545 4155 et
565 4088 599 4153 in
613 4087 672 4153 Dei
693 4087 753 4154 lide
768 4089 850 4154 recta
871 4087 984 4154 menda
999 4087 1171 4155 constantia
1193 4088 1322 4155 dilectae
1337 4088 1370 4154 in
1388 4087 1510 4155 (lhrieto

260 4205 342 4274 lilino
365 4205 477 4272 nobilis
499 4203 638 4270 mulieris
662 4203 797 4270 Aleisiae
812 4203 934 4271 domine
957 4203 1200 4289 lingolismeneis
1222 4205 1311 4290 regni
1333 4203 1425 4271 istius
1447 4223 1507 4290 gu-

259 4321 448 4402 bernabicis,
477 4337 554 4406 quae
575 4338 637 4386 non
659 4321 759 4388 solum
788 4339 892 4388 curam
923 4319 1057 4403 suscepit
1085 4339 1140 4386 sua
1162 4319 1343 4387 auctoritate
1371 4319 1508 4406 dignam,

259 4437 311 4504 sed
334 4456 389 4502 nos
412 4436 505 4502 etiam
521 4456 574 4520 per
595 4436 714 4502 litteras
730 4436 889 4520 deprecata
911 4437 958 4504 est
981 4438 1015 4501 ut
1030 4435 1078 4502 illi
1101 4437 1211 4501 auxilio
1227 4435 1333 4502 adesse
1350 4437 1506 4503 vellemus.
