3400 5088
734 247 977 372 -ier-

225 498 372 582 patrandi
400 498 488 583 regni
509 498 639 582 propria,
661 518 731 565 cum
747 501 859 583 quanto
883 519 915 566 se
938 500 1035 567 maior
1050 500 1261 586 prosperitatis
1276 501 1385 567 incitat
1407 520 1476 567 cur-

228 635 288 696 sus,
312 616 368 681 boc
391 615 571 681 arctioribus
594 615 814 699 temperantiae
844 616 974 682 vinculis
997 615 1181 700 cupiditates
1204 617 1355 683 humanae
1378 617 1476 683 conti-

226 733 344 798 nentur.
391 729 490 812 Quam
512 730 635 797 laudam
657 731 838 797 inusitatam
856 732 906 798 his
930 733 1125 817 temporibus,
1148 733 1179 798 et
1193 732 1383 816 incognitam
1407 734 1476 798 tan·

225 867 318 930 quam
340 867 409 914 uere
437 847 566 913 coeleste
595 847 626 912 31
654 847 713 913 1131
742 847 959 931 omnipotentis
990 867 1146 914 summum
1175 848 1288 914 donum
1312 851 1478 914 33311333

225 964 382 1047 aliquanto
404 963 506 1048 magis
535 981 628 1047 quam
650 962 810 1029 victoriam
831 965 932 1047 ipsam
955 964 1018 1029 iam
1048 964 1248 1048 gratulamur.
1294 964 1401 1048 ltaque
1423 965 1478 1030 illa

225 1081 339 1164 quanto
361 1099 432 1145 cum
454 1078 565 1164 gaudio
587 1080 677 1162 putas
693 1098 749 1145 nos
771 1079 906 1164 legisse?
928 1079 1114 1162 patefactam
1135 1099 1201 1145 csso
1217 1078 1319 1146 divino
1342 1079 1477 1158 consilio,

225 1195 305 1281 quod
326 1195 502 1262 bominibus
525 1195 678 1262 occultum
700 1197 774 1274 erat
805 1195 887 1260 viam
916 1196 955 1261 31
977 1195 1050 1262 1131
1077 1195 1181 1262 hostes
1204 1195 1409 1277 conterendos,
1439 1196 1478 1262 ad

224 1312 337 1396 impias
352 1312 474 1379 hereses
490 1311 693 1395 extirpandas,
716 1311 755 1376 ad
776 1331 882 1395 pacem
905 1314 936 1378 et
952 1312 1103 1378 unitatem
1125 1312 1158 1378 in
1180 1311 1346 1380 christiano
1368 1313 1477 1396 populo

225 1427 449 1494 stabiliendam.
496 1426 586 1492 Caret
607 1427 731 1511 quidem
753 1427 803 1492 his
833 1429 1001 1494 commodis
1030 1427 1172 1494 omnibns
1202 1427 1369 1494 christiana
1398 1445 1477 1508 nunc

224 1544 397 1627 respublica
419 1545 450 1610 ct
473 1543 615 1609 omnibus
639 1542 800 1609 contrariis
823 1544 924 1623 malis
947 1545 1038 1628 atque
1061 1543 1262 1610 incommodis
1284 1543 1399 1608 afflicta
1421 1544 1476 1609 ost.

225 1658 285 1726 Sed
307 1661 338 1726 13
361 1659 436 1726 duce
457 1660 489 1725 31
511 1660 641 1737 auctore,
671 1659 757 1724 cuius
788 1659 993 1725 sanctissimis
1016 1659 1105 1738 votis,
1136 1679 1171 1724 ac
1193 1659 1329 1725 consiliis
1359 1678 1477 1742 semper

118 1791 119 1794 ’
224 1775 312 1841 affuit
334 1777 426 1854 Deus,
449 1775 538 1841 nobis
562 1774 686 1858 quidem
708 1775 881 1841 faventibus
913 1776 944 1840 ot
967 1773 1193 1855 adiuvantibus,
1216 1777 1366 1860 quantum
1388 1775 1476 1842 nobis

224 1892 307 1958 Deus
337 1892 419 1958 idem
441 1891 631 1971 concesserit
660 1891 761 1956 omnis
784 1890 944 1956 meliorum
974 1909 1075 1956 rarum
1099 1911 1167 1974 spes
1197 1891 1245 1956 ost
1275 1891 1475 1975 suscipienda,

224 2009 255 2074 31
277 2007 368 2073 huius
392 2027 532 2073 summae
553 2006 668 2092 gloriae
691 2007 724 2072 in
746 2006 839 2073 13111
862 2023 958 2072 car.me
980 2007 1086 2072 lumen
1108 2009 1139 2072 ot
1155 2007 1297 2090 splendor
1318 2007 1358 2073 31
1372 2009 1475 2092 poste·

223 2123 326 2190 ritatis
349 2123 473 2201 famam,
496 2125 527 2188 31
550 2123 596 2188 tui
611 2121 775 2189 clarissimi
796 2121 931 2188 nominis
953 2122 987 2187 in
1010 2122 1186 2188 coelestin
1207 2123 1289 2189 torre
1303 2123 1477 2190 immortale

225 2239 315 2305 decus
338 2238 575 2305 constituendus.
621 2240 687 2305 Hoc
709 2257 763 2304 nos
794 2238 972 2322 expetimus,
995 2238 1247 2322 vehementerque
1270 2229 1476 2306 desideramus

216 2331 340 2439 publici
363 2354 487 2438 quidem
509 2354 589 2434 boni,
613 2357 644 2420 et
666 2354 769 2438 gregis
792 2354 890 2420 nostri
913 2354 1017 2420 dilecti
1039 2354 1148 2419 salutis
1172 2373 1278 2432 causa;
1302 2355 1355 2421 sed
1378 2355 1476 2422 nihilo

224 2470 327 2537 minus
350 2470 481 2548 honoris,
505 2471 536 2535 et
551 2469 764 2554 amplitudinis
787 2472 866 2549 tuae,
889 2489 966 2554 quac
980 2470 1069 2536 nobis
1093 2489 1212 2554 semper
1235 2456 1395 2536 carissima
1410 2470 1476 2536 mit

224 2587 289 2653 Nec
312 2589 346 2652 tu
369 2587 458 2651 alitor
481 2585 620 2652 animum
641 2587 780 2652 nostrum
803 2605 876 2671 erga
898 2587 930 2651 te
944 2604 1079 2670 unquam
1102 2587 1133 2651 31
1154 2586 1379 2669 interpretatus.
1411 2584 1476 2667 Quo

225 2703 319 2768 etiam
341 2702 465 2768 nomine
481 2721 587 2767 sumus
602 2701 661 2767 tibi
676 2702 835 2782 debitores,
858 2702 1019 2768 veritatem
1034 2702 1116 2768 enim
1138 2701 1219 2787 apud
1234 2703 1372 2768 animum
1387 2705 1474 2769 tuum

224 2819 324 2885 valere
340 2818 473 2896 voluisti,
497 2817 716 2902 agnovistiqua
739 2816 819 2902 quod
834 2817 894 2883 fuit
908 2817 1109 2896 necessitatis,
1130 2819 1163 2883 31
1184 2819 1308 2901 gratum
1331 2818 1475 2896 habuisti,

224 2933 304 3018 quod
325 2935 448 3000 nostrae
469 2933 530 2999 fuit
543 2933 718 2999 voluntatis.
756 2934 908 3000 Voluntas
923 2935 1003 3000 certe
1018 2935 1123 2998 nostra
1145 2934 1200 3011 331,
1223 2935 1254 3000 31
1268 2933 1342 3010 1311;
1365 2933 1474 2999 habero

223 3051 255 3116 13
276 3049 311 3115 in
332 3049 486 3134 praecipui
507 3051 538 3115 et
559 3046 754 3114 dilectissimi
775 3048 834 3115 filii
847 3050 922 3130 loco,
946 3049 1025 3116 sicut
1047 3067 1102 3114 nos
1117 3050 1153 3113 tu
1174 3047 1208 3114 in
1229 3048 1335 3132 patris.
1369 3046 1473 3129 Quan-

224 3184 316 3250 quam
339 3165 421 3231 tuin
442 3183 569 3249 persona
590 3163 695 3230 nostra
710 3164 809 3229 Deum
831 3165 934 3248 ipsum
956 3165 1096 3250 respicis;
1119 3184 1174 3231 nos
1196 3165 1230 3230 in
1252 3165 1306 3230 tua
1328 3165 1360 3230 et
1374 3163 1473 3230 Deum

223 3283 255 3348 31
277 3281 424 3347 uirtutem
446 3282 539 3347 tuam.
585 3276 791 3359 Quamobrem
819 3280 898 3365 quod
920 3281 1108 3364 postremum
1130 3279 1164 3345 in
1185 3279 1299 3346 littaris
1321 3279 1384 3346 tuis
1406 3278 1474 3357 fuit,

223 3397 389 3462 attractum
410 3395 450 3461 iri
464 3396 649 3461 Francomm
665 3414 768 3480 regern
791 3395 830 3460 ad
845 3413 955 3480 aequas
970 3395 1158 3462 conditiones
1180 3395 1279 3480 pacis3
1302 3396 1359 3462 hoc
1373 3396 1473 3461 Deum

224 3510 463 3595 omnipotentem
484 3529 651 3595 precamur,
680 3510 935 3576 1133113331Β
962 3512 1032 3577 tuae
1062 3511 1214 3596 dignitate
1236 3511 1299 3590 liat,
1329 3511 1473 3595 tuamque

223 3625 469 3703 moderationem,
492 3627 523 3691 31
545 3626 728 3710 sapientiam
751 3625 894 3692 maximis
917 3625 1058 3692 laudibus
1081 3627 1243 3706 efferimus,
1267 3627 1347 3711 quod
1361 3644 1471 3710 quam-

223 3741 357 3825 primum
380 3741 419 3806 ad
441 3741 624 3807 domesticae
652 3741 737 3827 pacis
759 3741 886 3808 consilia
916 3741 1018 3809 venire
1040 3761 1189 3828 properes
1218 3762 1276 3827 quo
1299 3741 1399 3826 possis
1421 3761 1471 3807 oc·

222 3857 315 3924 lerius
337 3857 392 3923 illa
415 3855 528 3941 exequi,
551 3875 628 3941 quac
650 3858 690 3923 31
712 3858 842 3924 salutem
866 3857 1111 3938 christianitatis,
1134 3859 1167 3924 31
1188 3857 1247 3924 Dei
1268 3857 1399 3942 gloriam
1422 3877 1471 3923 re-

223 3973 323 4039 medio
351 3973 492 4058 indigent
520 3972 709 4056 tempestivo.
771 3971 831 4040 Sed
859 3973 933 4039 haec
962 3975 1032 4040 brac
1068 3973 1205 4040 ciusdem
1235 3972 1413 4058 prudentiae
1442 3974 1474 4038 et

223 4088 370 4154 bonitatis
399 4089 458 4154 erit
487 4087 653 4154 deliberare
682 4090 714 4154 31
735 4089 780 4155 113
802 4089 977 4154 existimare
1005 4088 1071 4155 eius
1093 4109 1186 4174 quam
1216 4089 1343 4174 adeptus
1366 4108 1398 4155 es
1420 4088 1471 4154 in·

223 4203 320 4288 signis
342 4203 486 4269 uictoriae
508 4203 639 4290 gloriam
668 4205 766 4270 totam
789 4206 876 4270 tuam
897 4223 959 4269 non
980 4223 1047 4270 csso
1077 4205 1130 4271 331
1152 4223 1257 4271 corum
1280 4222 1472 4270 communem

222 4319 274 4402 qui
296 4319 391 4384 armis
413 4319 445 4385 ot
473 4317 609 4384 consiliis
632 4319 665 4384 in
687 4337 723 4386 33
745 4318 940 4404 adipiscenda
969 4321 1082 4386 uersati
1105 4321 1185 4400 sunt
1215 4320 1385 4386 hanovere
1407 4318 1471 4384 cla-

221 4435 354 4504 mentiae
377 4437 407 4500 et
422 4433 638 4501 moderationis
654 4434 841 4522 singularem
863 4437 949 4501 tuam
971 4436 1003 4501 31
1016 4436 1170 4519 propriam
1186 4435 1257 4515 iore,
1280 4434 1366 4500 crriue
1381 4453 1470 4501 nemo
