3380 5088
787 319 1033 394 -256-

874 552 948 620 193.

634 716 678 778 ΑΙ
702 717 765 777 S.0r
785 719 880 779 lullo
904 717 1077 778 Colonna
1103 709 1173 796 (oie)

897 825 918 907 t

370 988 490 1060 Dilecto
512 988 566 1056 fili.
611 987 689 1053 Cum
712 986 916 1072 superioribus
946 987 1104 1054 mensibus
1134 987 1331 1071 repeterimus
1354 989 1426 1054 ate
1455 1007 1533 1054 nou-

282 1104 369 1170 nulla
391 1105 543 1171 tormenta
566 1103 675 1168 bellica
698 1121 775 1187 qnae
804 1123 839 1169 er
862 1121 930 1168 arce
952 1105 1057 1168 nostra
1080 1099 1184 1168 Sancti
1206 1102 1319 1187 Angeli
1340 1103 1379 1168 ab
1402 1102 1534 1168 exercitu

282 1217 420 1285 Caesaris
443 1219 542 1285 Roma
564 1219 597 1284 in
626 1237 756 1302 regnum
778 1217 1017 1302 Neapolitanum
1045 1217 1253 1302 proficiscente
1276 1219 1432 1302 asportata
1454 1217 1534 1302 apud

281 1337 313 1401 te
334 1336 368 1401 in
389 1336 489 1400 castro
511 1331 627 1401 Montis
650 1333 768 1400 Fortini
789 1335 878 1400 erant
898 1333 1014 1414 relicta,
1036 1333 1221 1418 respondisti
1242 1334 1273 1398 te
1296 1332 1422 1398 tametsi
1444 1332 1531 1399 nobis

282 1450 408 1535 obsequi
436 1449 569 1516 maxime
585 1467 721 1532 xcuperes
751 1450 856 1515 tamen
878 1469 940 1517 non
962 1467 1108 1517 ausurum
1138 1467 1174 1516 ea
1203 1449 1291 1515 nobis
1320 1447 1444 1514 reddare
1468 1448 1532 1514 sine

281 1565 432 1650 permissu
455 1565 507 1632 dil.
531 1565 589 1630 filii
603 1565 716 1630 nobilis
740 1565 798 1631 viri
813 1563 966 1650 Orongiae
988 1564 1135 1649 principis
1158 1583 1251 1650 aquo
1273 1563 1355 1648 apud
1376 1565 1407 1630 te
1430 1566 1533 1631 essent

281 1681 427 1766 deposita,
448 1701 541 1766 quam
564 1680 687 1766 quidem
704 1675 930 1748 excusationem
951 1682 1038 1748 tuam
1061 1700 1132 1748 cum
1147 1681 1368 1765 accepissemus
1391 1681 1531 1765 expecta-

280 1797 381 1864 vimus
404 1797 502 1882 quoad
524 1796 622 1880 ipsius
637 1796 789 1881 permissu
812 1815 830 1862 a
853 1815 912 1882 quo
927 1815 1083 1881 acceperas
1106 1815 1142 1864 sa
1165 1795 1253 1863 nobis
1270 1814 1376 1881 posses
1399 1796 1531 1874 reddere,

280 1913 384 1998 itaque
405 1912 560 1979 mittimus
583 1912 622 1978 ad
644 1913 675 1978 te
698 1931 788 1996 super
802 1912 860 1977 boo
881 1911 1001 1978 litterae
1023 1911 1089 1980 eins
1112 1911 1291 1990 nobilitatis,
1315 1931 1368 1997 par
1383 1931 1460 1996 quae
1479 1931 1529 1978 eo·

280 2028 347 2094 luta
367 2028 432 2094 iam
453 2027 513 2094 lide
536 2030 589 2094 tua
612 2029 732 2094 nullum
761 2027 820 2094 tibi
841 2027 1096 2113 impedimentum
1118 2031 1167 2094 est
1187 2028 1339 2113 reliquum
1369 2027 1531 2113 quominus

281 2144 363 2211 dicta
385 2145 538 2210 tormenta
561 2143 648 2210 nobis
678 2143 786 2210 reddas
809 2145 845 2210 ut
866 2143 1015 2228 cupimus,
1038 2144 1119 2228 quod
1141 2146 1177 2211 ut
1198 2143 1293 2210 laoias
1316 2144 1347 2208 te
1374 2143 1532 2211 hortamur

281 2279 315 2324 ao
337 2261 461 2343 gratum
492 2279 597 2324 sumus
627 2259 770 2338 habituri,
801 2261 836 2324 ut
857 2259 951 2325 latius
981 2259 1040 2326 tibi
1061 2261 1189 2344 exponet
1217 2261 1424 2344 praesentium
1454 2261 1532 2326 lator

280 2375 437 2442 munaus
452 2374 489 2442 re
503 2374 617 2441 mens
633 2374 795 2440 ramnes
810 2349 914 2442 noser
935 2375 983 2442 en
999 2375 1090 2442 orem
1107 2373 1244 2442 muers.
1282 2375 1396 2441 naum
1416 2375 1531 2440 nomae

282 2490 330 2557 die
353 2511 417 2556 m.
442 2489 583 2557 Octobris
606 2489 760 2556 mdxrviii
806 2491 895 2559 Anno
918 2489 1033 2575 quinto.

873 2751 945 2818 194.

595 2910 731 2996 (Absque
754 2909 844 2974 titulo
869 2909 921 2976 sed
944 2909 1023 2993 Regi
1045 2909 1212 2994 mancias).

368 3069 532 3137 Carissimo
554 3072 610 3136 ete
657 3069 799 3136 Libenter
828 3070 1001 3136 audivimus
1030 3069 1082 3135 dil
1106 3070 1148 3136 fil
1171 3070 1335 3155 Baylivum
1357 3070 1528 3138 Rbotoma-

278 3205 404 3271 gensem
427 3186 467 3252 ad
487 3204 544 3253 nos
566 3193 682 3252 oser.te
703 3187 756 3252 tua
770 3186 902 3251 missum
918 3183 1140 3269 habuimusque
1153 3184 1333 3270 gratissima
1354 3204 1431 3270 quae
1453 3185 1530 3252 dixit

277 3301 315 3368 de
338 3303 392 3368 tua
414 3302 447 3368 in
469 3320 525 3368 nos
548 3303 638 3386 atque
667 3303 747 3366 bane
770 3299 915 3366 Sanctam
938 3297 1049 3366 Scdem
1077 3302 1221 3385 perpetua
1250 3301 1407 3366 voluntate
1435 3321 1528 3386 quam

278 3419 411 3484 veteram
434 3419 465 3483 et
487 3418 558 3483 tuae
573 3417 681 3483 virtuti
703 3417 839 3483 debitam
861 3416 1071 3501 agnoscimus3
1094 3436 1129 3482 ex
1144 3417 1250 3482 eodem
1272 3436 1352 3482 nuno
1367 3417 1406 3482 ad
1428 3419 1460 3483 te
1478 3437 1526 3484 re-

277 3532 387 3600 deunte
410 3533 565 3618 intelliget
587 3541 683 3600 sor.tes
706 3535 759 3598 tua
781 3533 928 3616 quantum
952 3531 1001 3598 illi
1022 3532 1056 3596 iu
1078 3550 1180 3598 amore
1202 3534 1328 3616 paterno
1345 3531 1455 3598 affectu
1478 3552 1526 3598 re·

277 3647 489 3733 spondeamus,
511 3648 565 3734 qui
587 3649 630 3714 sit
644 3647 775 3728 animus,
798 3647 878 3733 qnod
900 3646 1063 3714 consilium
1079 3649 1218 3714 nostrum
1241 3667 1360 3732 sempor
1382 3648 1477 3715 lixum
1494 3648 1527 3713 in

276 3764 461 3850 cogitatione
482 3782 586 3830 aarum
610 3784 711 3830 rerum
733 3783 811 3848 quae
832 3763 871 3828 ad
893 3763 1079 3828 christianae
1100 3763 1283 3856 reipublicae
1305 3764 1440 3849 quietem
1462 3765 1525 3850 pri·

277 3878 431 3964 vatimque
459 3880 498 3945 ad
521 3881 574 3945 tua
597 3899 632 3945 ao
661 3880 825 3946 liberorum
853 3881 976 3946 tuorum
1006 3879 1164 3946 commoda
1192 3881 1342 3964 pertinere
1371 3880 1526 3956 videntum

275 3996 356 4081 quod
378 3997 406 4062 si
419 3995 582 4080 aliquando
598 3996 789 4080 omnipotens
805 3996 888 4061 Deus
903 4014 973 4061 eum
995 3995 1111 4062 exitum
1133 3999 1247 4080 prestat
1262 3996 1399 4062 consiliis
1414 3995 1527 4063 nostris

275 4130 366 4196 quem
389 4113 540 4196 optamus
563 4112 718 4197 intelliget
740 4111 887 4177 Maiestas
910 4113 963 4176 tua
985 4131 1040 4178 noe
1063 4111 1180 4196 optima
1202 4112 1319 4179 ratione
1342 4113 1476 4180 mediam
1492 4131 1526 4178 ae

275 4229 446 4296 communis
468 4228 604 4312 parentis
633 4245 795 4313 personam
817 4227 962 4306 induisse,
991 4247 1085 4313 quam
1107 4228 1231 4314 quidem
1254 4229 1349 4295 etism
1377 4231 1526 4314 quantum

275 4364 329 4429 por
350 4347 488 4412 nostram
511 4346 601 4429 atque
624 4345 715 4425 buius
739 4343 819 4410 sedis
842 4344 1028 4429 dignitatem
1049 4344 1156 4412 licebit
1177 4365 1355 4415 conservare
1377 4345 1524 4430 cupimus,

276 4463 432 4546 sperantes
449 4465 553 4527 ser.ton
569 4463 656 4527 tuam
670 4460 751 4545 quod
773 4459 872 4526 adbuc
886 4461 958 4545 egit,
982 4479 1016 4527 eo
1032 4461 1146 4528 maiore
1165 4462 1266 4528 studio
1281 4462 1318 4528 de
1333 4463 1525 4530 restitutione
