3366 5084
627 757 717 817 Ducl
740 757 954 818 Sahaudlae.

243 931 363 998 Dilecta
387 931 433 997 fili
454 933 509 997 etc.
555 929 739 996 Audivimus
771 929 979 996 libentissime
1002 929 1148 1013 dilectum
1171 927 1271 996 lilium
1293 929 1410 1014 Apmo·

160 1047 260 1134 nem¹)
285 1047 457 1114 nobilitatis
479 1049 551 1112 tuae
574 1046 782 1113 consiliarium
804 1047 836 1111 et
850 1021 902 1110 tuo
925 1045 1048 1111 nomine
1069 1045 1266 1130 potissimum
1281 1045 1312 1111 et
1334 1063 1412 1111 non·

159 1163 237 1230 nihil
259 1162 355 1229 etiarn
378 1181 440 1228 suo.
486 1161 569 1227 Nam
591 1180 662 1226 cum
683 1163 738 1227 tua
760 1161 849 1228 nobis
872 1160 1000 1226 consilia
1022 1161 1112 1245 plena
1126 1159 1304 1244 prudentiae
1327 1161 1358 1226 et
1379 1160 1414 1225 in

158 1279 358 1345 christianam
380 1298 447 1344 rem
468 1278 593 1362 pietatis
616 1279 648 1344 et
671 1276 766 1342 studii
788 1277 957 1361 exponeret
980 1279 1048 1343 tum
1062 1277 1129 1361 ipse
1144 1295 1260 1361 quoque
1277 1295 1413 1342 sermone

159 1415 211 1462 suo
234 1397 307 1479 apte
328 1396 361 1460 et
383 1394 522 1479 apposite
538 1393 684 1459 mandata
707 1394 761 1458 tua
783 1393 958 1477 persecutus
974 1394 1029 1470 est
1051 1393 1200 1477 planeque
1223 1392 1415 1458 confirmavit

157 1512 190 1578 in
211 1511 300 1578 uobis
323 1529 392 1576 eam
420 1528 514 1594 quam
535 1509 652 1575 iamdiu
676 1509 712 1574 de
735 1511 767 1574 te
788 1510 937 1575 habemus
967 1509 1091 1574 uirtutis
1114 1510 1146 1575 et
1174 1507 1321 1574 bonitatis
1344 1506 1411 1590 opi-

158 1629 295 1703 nionem3
326 1626 380 1692 sed
402 1627 433 1691 et
455 1644 510 1692 nos
534 1625 673 1692 vicissim
694 1644 764 1691 cum
786 1624 840 1690 illo
863 1625 948 1709 large
969 1625 1064 1690 locuti
1080 1644 1185 1690 sumus
1207 1623 1414 1708 iussimusque

156 1747 191 1809 ut
211 1745 350 1810 nostram
373 1742 413 1808 ad
435 1744 466 1808 te
495 1761 598 1808 rerum
619 1741 757 1807 omnium
787 1742 917 1807 deferret
947 1740 1134 1808 sententiam
1157 1740 1412 1819 conclamatam,

156 1879 247 1944 quam
270 1879 306 1925 er
328 1859 394 1942 ipso
417 1858 562 1924 nobilitas
586 1859 639 1923 tun
660 1857 822 1942 intelliget.
852 1856 927 1938 Nos,
949 1858 1009 1924 etsi
1031 1877 1092 1923 non
1114 1855 1319 1924 necessarium
1342 1876 1410 1922 esse

157 1976 378 2054 existimamus,
400 1974 549 2058 procurrit
571 1975 655 2039 enim
676 1973 891 2040 nobilitastua
915 1993 968 2040 suo
993 1973 1093 2039 studio
1115 1975 1147 2038 et
1170 1972 1333 2057 vigilantia
1356 1993 1409 2038 er-

157 2090 321 2174 pectationi
349 2091 479 2170 nostrae,
508 2091 614 2155 tamen
642 2090 771 2156 eandem
791 2089 826 2154 in
847 2088 980 2155 Domino
1010 2090 1209 2155 adhortamur
1231 2092 1266 2154 ut
1288 2090 1409 2154 nullum

158 2205 302 2291 temporis
324 2208 472 2289 punctum
496 2205 642 2272 desistere
664 2224 682 2270 a
699 2205 813 2271 sanctis
830 2204 985 2270 laboribus
1001 2206 1032 2271 et
1047 2205 1217 2271 actionibus
1233 2205 1411 2270 tractandae

159 2321 386 2406 suadendaeque
408 2321 493 2405 pacis
508 2321 597 2397 velit;
621 2340 691 2387 oum
706 2321 771 2386 eius
794 2320 899 2386 meriti
913 2319 1054 2400 fructum,
1078 2320 1209 2400 etiamsi,
1225 2320 1304 2404 quod
1319 2320 1411 2399 absit,

156 2437 316 2522 iniquitate
330 2439 503 2521 temporum
525 2436 553 2502 is
568 2456 659 2520 quem
674 2437 816 2520 optamus
839 2437 937 2502 exitus
960 2455 1021 2503 non
1037 2437 1187 2521 sequatur,
1211 2436 1292 2520 apud
1308 2435 1409 2501 Deum

158 2553 383 2637 amplissimum
406 2553 448 2620 sit
469 2554 653 2637 perceptura.
698 2553 736 2618 In
759 2571 817 2636 quo
840 2571 896 2618 nos
919 2572 1036 2638 quoque
1059 2572 1146 2637 opere
1168 2553 1214 2618 ita
1236 2553 1411 2619 laboramus

158 2671 191 2735 ut
212 2670 330 2736 nullam
360 2689 456 2754 neque
485 2670 612 2736 diurnae
640 2689 737 2753 neque
765 2671 930 2736 nocturnae
953 2669 1065 2754 quietis
1096 2669 1252 2753 capiamus
1281 2671 1410 2753 partem,

159 2806 216 2870 quo
239 2787 388 2870 quantum
403 2805 565 2870 possumus
589 2784 764 2850 adnitamur
782 2785 813 2850 ot
828 2783 1054 2862 contendamus,
1077 2786 1113 2850 ut
1133 2785 1251 2852 labenti
1265 2785 1409 2850 christia-

159 2921 214 2967 nae
232 2901 424 2987 reipublicae,
447 2920 524 2985 quae
540 2901 605 2966 sine
620 2920 692 2985 pace
714 2900 890 2985 propediem
903 2900 1065 2966 interitura
1087 2903 1142 2979 est
1165 2901 1288 2985 aliquod
1310 2920 1409 2966 reme·

159 3017 243 3083 dium
272 3019 304 3083 et
330 3017 434 3101 aliqua
463 3016 573 3082 salutis
606 3037 674 3101 spes
703 3016 802 3101 possit
831 3015 940 3082 afferri
986 3017 1102 3082 Datum
1131 3017 1248 3084 Romae
1276 3018 1331 3082 etc.
1361 3015 1410 3082 die

159 3153 203 3200 xx.
238 3131 380 3199 ianuarii
400 3131 520 3198 mdxxv.
565 3132 655 3199 Anno
679 3133 816 3199 seeundo.

664 3421 667 3426 ’
759 3447 811 3514 47.

156 3610 301 3671 Dilectls
322 3611 402 3670 filiis
416 3612 599 3672 nobilibus
622 3616 708 3672 viris
732 3613 780 3672 ad
803 3615 894 3672 sacri
911 3613 1065 3673 Romani
1081 3612 1225 3689 Imperii
1248 3565 1410 3688 rudimen

432 3740 500 3800 par
522 3727 736 3788 Caesaream
759 3729 984 3789 Maiestatem
1007 3729 1139 3789 electis.

245 3897 360 3964 Dilecli
374 3897 433 3963 lilii
447 3901 501 3965 etc.
533 3900 627 3966 Decet
643 3901 756 3965 bonum
774 3900 958 3984 pontificem,
975 3919 1063 3985 agere
1086 3919 1122 3966 ea
1144 3902 1317 3986 cupientem
1333 3921 1409 3986 quae

155 4011 237 4097 apud
259 4013 360 4079 Deum
381 4016 470 4098 grata
495 4015 668 4083 hominibus
692 4017 814 4100 accepta
837 4017 908 4096 sint
932 4017 1056 4102 siquid
1078 4016 1196 4083 accidat
1218 4016 1289 4083 novi
1312 4018 1411 4101 operis

154 4131 210 4196 aut
232 4128 353 4196 consilii
375 4129 439 4195 eius
462 4131 611 4196 rationem
635 4149 779 4214 exponere
801 4132 882 4216 apud
904 4151 955 4198 eos
971 4151 1099 4218 quorum
1122 4132 1307 4216 dignitatem
1321 4134 1412 4218 atque

249 4397 267 4459 ¹]
286 4401 358 4457 aymo
376 4400 405 4449 de
417 4401 519 4449 Publicio
537 4415 566 4450 ex
584 4402 708 4450 comitibus
720 4401 855 4460 Plossaaqui
873 4404 931 4450 luris
950 4403 1070 4460 utriusque
1089 4402 1178 4462 doctor,
1196 4406 1249 4451 arat
1262 4403 1412 4452 consiliarius

156 4499 222 4550 ducis
241 4495 380 4546 Sabaudiae.
