3396 5090
705 341 950 409 -217-

198 537 306 615 fuerat,
327 536 477 615 auximus,
500 555 556 603 nos
577 537 642 602 iarn
664 537 848 622 aliquotiens
870 536 984 616 hordei,
1014 535 1119 616 tritici,
1140 536 1275 620 priveris
1296 555 1360 606 nen
1382 553 1450 603 me·

198 653 332 730 dicerem
346 671 508 720 numerum
523 653 564 719 ad
579 652 794 726 sustentandas
809 672 894 720 arces
909 651 1050 720 thomice
1072 652 1224 721 misimus.
1262 652 1329 719 Noe
1343 653 1451 719 urbem

150 780 154 793 “
200 769 334 836 Olissum
348 769 398 835 bie
421 787 439 834 a
454 768 561 835 Turris
576 771 734 836 obsessam
750 770 781 836 et
795 788 872 854 peno
894 771 1024 852 captam
1040 769 1144 836 nostro
1158 769 1235 836 item
1250 768 1299 835 bis
1318 769 1452 852 sumptu,

198 887 304 952 noetnr
324 905 396 952 cura
418 885 624 963 liberavimus,
637 885 683 950 nt
704 885 832 970 quisque
845 885 879 951 in
900 885 946 951 eis
968 884 1144 970 regionibus
1166 885 1232 970 opis
1247 883 1372 968 indigus
1394 886 1451 964 eet,

199 1001 250 1068 ita*
266 1001 306 1068 ad
327 1021 383 1068 noe
405 1020 493 1087 opem
515 1001 648 1086 petitum
669 1000 801 1081 advenit
831 1019 906 1086 quos
935 1019 991 1067 nos
1013 1019 1076 1068 uon
1098 1000 1229 1066 sinimus
1252 1019 1362 1067 vacuos
1386 999 1451 1084 spei

198 1118 324 1203 opisque
338 1117 499 1184 discedere.
522 1117 562 1183 let
584 1117 658 1183 haec
672 1116 803 1183 facimus
817 1117 902 1184 omui
923 1117 984 1201 ipsi
1001 1135 1065 1200 ope,
1088 1116 1230 1184 omnibus
1245 1134 1337 1201 prope
1353 1115 1449 1182 vecti-

199 1234 321 1318 gentibus
343 1232 492 1299 destituti
530 1233 636 1299 Vincit
657 1234 763 1299 tamon
783 1234 925 1299 voluntas
939 1233 1162 1317 impotentiam,
1185 1235 1217 1298 et
1230 1232 1303 1299 fidei
1324 1251 1361 1300 nc
1375 1231 1450 1298 cha·

199 1349 302 1416 ritntis
325 1349 425 1414 studio
448 1347 645 1415 difficultates
667 1367 774 1416 omnes
797 1349 984 1432 superantur.
1031 1345 1115 1428 Quae
1130 1367 1200 1414 oum
1222 1367 1241 1414 a
1263 1348 1352 1416 nobis
1374 1348 1452 1414 fient

201 1483 322 1532 summa
344 1465 481 1550 egestate
496 1464 658 1554 oppressis,
681 1484 700 1530 a
722 1465 753 1531 te
775 1483 892 1550 quoque
915 1463 1134 1548 expectantium
1160 1466 1209 1531 est
1230 1463 1278 1530 tili
1299 1480 1396 1530 can-⁰
1417 1463 1454 1530 ut

200 1581 322 1646 tentum
343 1579 450 1647 inferri
472 1581 583 1648 vulnus
605 1580 791 1647 christianas
813 1580 996 1665 reipublicae
1011 1580 1150 1665 tantique
1172 1579 1255 1665 ignis
1277 1578 1452 1646 incendium

200 1697 313 1764 finibus
335 1696 399 1762 tuis
421 1697 662 1781 appropinquem
684 1715 746 1763 nou
768 1697 868 1772 sinum
898 1697 946 1762 est
967 1699 1057 1762 tuum
1079 1714 1149 1762 oum
1178 1713 1268 1782 agere
1291 1696 1453 1780 inuareque

199 1830 254 1896 pro
275 1813 330 1878 tua
351 1813 438 1896 parto
460 1813 496 1879 nt
517 1812 592 1879 illuc
607 1812 764 1879 celerrime
786 1812 924 1881 subsidia
945 1813 1119 1890 mittantur,
1141 1814 1209 1879 tum
1228 1811 1310 1896 apud
1332 1827 1453 1880 serrImm

200 1928 327 1995 fratrem
341 1929 431 1994 tuum
452 1928 538 1994 omni
552 1947 607 2012 ope
630 1930 722 2014 atque
743 1947 834 2013 opera
855 1929 1016 2014 negocium
1030 1947 1214 2013 promovere,
1237 1928 1271 1995 in
1293 1947 1353 2013 quo
1367 1927 1452 1994 omni

200 2043 355 2111 celeritate
377 2045 426 2110 est
447 2063 538 2129 opus:
561 2063 623 2111 nou
645 2044 730 2111 euim
751 2045 898 2129 temporis
921 2045 1083 2129 augustiae
1104 2063 1224 2111 moram
1253 2044 1351 2111 ullam
1373 2042 1452 2110 roci·

200 2160 296 2244 pinnt
334 2158 449 2228 Verum
472 2159 512 2225 ad
525 2160 601 2226 haec
615 2161 646 2226 ie
660 2161 778 2226 hortari
798 2160 929 2228 fortasse
944 2160 1130 2245 superfluum
1152 2162 1208 2239 eet,
1231 2160 1311 2246 qnod
1325 2159 1452 2227 habenti

199 2275 258 2342 tibi
280 2275 440 2342 carissima
461 2275 496 2343 in
517 2275 571 2343 illo
593 2294 687 2361 regno
710 2275 839 2361 pignora
861 2277 910 2344 uel
937 2292 1046 2344 serm
1070 2275 1181 2343 sororis
1203 2279 1275 2344 tneo
1298 2277 1348 2344 vel
1368 2275 1451 2362 regis

200 2391 443 2458 coniunctissimi
465 2393 515 2458 rel
537 2393 607 2458 tuae
630 2392 724 2458 etiam
751 2392 902 2459 finitimae
925 2392 1098 2460 securitatis
1121 2411 1182 2458 non
1204 2393 1253 2458 eet
1274 2392 1372 2460 maior
1394 2392 1452 2459 nh-

201 2506 335 2574 hibenda
357 2508 498 2575 hortatio.
543 2509 603 2574 Illo
626 2506 749 2592 quidem
778 2509 897 2575 recente
927 2509 1037 2574 nuncio
1051 2508 1100 2574 ad
1128 2508 1263 2593 aliquam
1286 2527 1342 2574 nos
1366 2521 1452 2593 spem

200 2613 292 2690 erecti
306 2643 421 2704 sumus,
446 2623 577 2691 simodo
593 2619 664 2704 vera
686 2624 742 2704 osb,
764 2623 845 2690 inter
869 2640 988 2690 ser.uuam
1004 2624 1130 2690 fratrem
1145 2627 1235 2690 tuum
1257 2626 1289 2691 et
1307 2623 1452 2690 christia·

201 2739 366 2806 niseimum
387 2759 491 2824 regem
513 2739 598 2824 pacis
620 2739 801 2817 conciliatio,
824 2739 862 2805 de
883 2758 944 2825 qna
957 2759 1094 2807 rumores
1118 2743 1263 2807 venerant
1278 2739 1355 2807 satis
1377 2758 1452 2806 oon·

202 2848 328 2933 stantes,
351 2854 405 2921 ecci
427 2854 466 2919 ad
488 2873 544 2921 nos
573 2854 653 2921 nihil
675 2855 775 2922 adhuc
796 2855 1000 2940 perscriptum
1028 2855 1142 2932 fuerat3
1165 2855 1223 2922 hoo
1239 2842 1335 2923 'enim
1358 2856 1386 2922 ei
1408 2855 1453 2922 ita

201 2973 282 3038 esset
304 2971 381 3037 satis
403 2971 527 3037 firmum
553 2970 739 3054 praesidium
766 2972 893 3038 haberet
914 2970 1083 3038 christiana
1111 2971 1283 3055 respublica
1306 2969 1450 3037 adversus

200 3087 334 3170 impetus
362 3086 480 3152 muros
509 3085 806 3154 immanissimomm
834 3087 979 3154 hostium.
1025 3085 1085 3154 Sed
1114 3105 1195 3154 nuno
1223 3088 1329 3154 tamen
1357 3104 1454 3171 regno

196 3200 356 3286 Ungariae
372 3202 409 3266 et
432 3201 520 3268 rebus
548 3201 613 3268 iilis
635 3203 811 3270 lnbentibus
841 3202 979 3270 celeriter
1009 3203 1228 3272 succurendum
1250 3203 1306 3269 eet
1352 3199 1453 3282 Quam

201 3319 236 3383 ut
257 3318 292 3382 tu
314 3335 432 3402 quoque
454 3335 558 3383 curam
580 3320 612 3385 ot
626 3317 843 3403 cogitationem
866 3318 998 3386 sollicito
1016 3319 1119 3386 animo
1142 3319 1245 3403 capias
1268 3335 1453 3403 magnopere

199 3433 233 3500 in
255 3433 387 3500 Domino
409 3435 525 3500 nob.tem
550 3435 636 3501 turam
658 3433 864 3501 adhortemur.
910 3433 997 3501 Sient
1018 3435 1113 3500 iatius
1141 3454 1211 3502 cnm
1234 3453 1270 3500 ea
1292 3433 1344 3500 uir
1367 3433 1451 3500 filine

201 3547 396 3616 Hieronimus
418 3549 564 3616 Rorarins
586 3549 715 3616 nuncius
737 3551 841 3616 nostor
863 3549 976 3616 nostrie
992 3549 1092 3617 verbis
1115 3552 1187 3635 aget
1209 3551 1259 3616 cni
1280 3549 1336 3616 illa
1358 3549 1451 3617 fidem

199 3663 332 3730 habehit
378 3664 495 3730 Datum
516 3665 631 3732 Romae
653 3666 708 3732 etc.
724 3665 773 3731 die
795 3664 833 3731 in
849 3665 1007 3732 Februarii
1026 3664 1157 3732 mdrrvi.
1201 3665 1291 3732 Anno
1307 3665 1406 3732 tertio.

796 3863 867 3929 166.

707 3991 937 4067 Eboracensi.

220 4173 222 4177 -
288 4127 407 4196 Dilecto
429 4127 476 4194 fili
497 4130 609 4195 noster.
654 4129 695 4195 Et
716 4127 849 4213 legimus
872 4127 1150 4213 circumspectionis
1179 4130 1251 4196 tuae
1278 4129 1399 4196 litteras
1422 4132 1454 4196 et

200 4241 253 4308 dil.
268 4241 310 4308 fin
327 4239 510 4327 Gregorinm
524 4241 673 4323 Canalem,
696 4243 848 4339 oratorem
862 4243 944 4328 regis
958 4243 1050 4312 istius
1064 4243 1263 4312 invictissimi
1280 4244 1453 4312 audiuimus

200 4356 304 4424 omnia
317 4360 372 4424 tua
386 4358 514 4424 consilia
528 4359 624 4444 atque.
641 4357 754 4425 iudicia
776 4358 864 4426 nobis
887 4358 1075 4440 referentem,
1098 4377 1174 4445 quae
1190 4359 1249 4426 etsi
1271 4360 1362 4444 plene
1376 4377 1451 4444 pru·

201 4470 322 4539 dontim
344 4472 411 4539 risa
434 4474 514 4552 sunt
543 4472 680 4559 ferreque
709 4491 812 4542 secum
835 4473 1029 4541 coniunctam
1051 4475 1082 4541 ei
1104 4473 1256 4546 commodi
1285 4473 1401 4564 publici
1424 4475 1454 4560 et
