3346 5084
655 373 900 450 -46'1-

151 579 326 647 recordatur
348 579 382 646 in
403 579 528 646 civitate
542 578 705 645 Ravennae
727 579 760 644 in
781 578 907 644 ecclesia
927 575 1095 644 cathedrali
1117 576 1254 644 eiusdem
1268 576 1403 645 civitatis

151 696 221 776 fnit,
242 698 274 762 et
295 695 336 762 ad
355 714 480 780 presens
503 695 551 760 est
572 693 723 779 quoddam
753 693 923 760 archivium
945 694 1102 778 publicum
1124 694 1292 779 vulgariter
1321 715 1401 761 nun-

152 811 297 895 cupatum
320 811 351 877 11
366 813 404 878 ab
420 811 561 877 omnibus
584 809 772 894 appellatum
786 809 811 875 il
825 809 993 894 cartilogio,
1015 809 1049 875 in
1064 828 1123 894 quo
1136 810 1203 876 loco
1225 811 1257 875 et
1271 810 1405 878 archivio

155 926 321 1010 scripturae
343 926 548 992 instrumenta
570 925 731 1010 privilegia
753 924 934 992 documenta
956 925 1145 992 monimenta
1167 926 1269 992 bullae
1284 926 1405 992 litterae

153 1041 338 1126 apostolicae
358 1041 566 1108 Romanorum
588 1040 766 1125 pontificum
789 1041 821 1107 et
843 1039 1120 1107 sacratissimorum
1142 1041 1359 1124 imperatorum
1375 1044 1407 1108 et

154 1175 270 1241 regum,
293 1156 481 1240 aliorumque
503 1156 675 1241 principum
696 1157 911 1241 proculumque
934 1155 1069 1224 civitatis
1091 1156 1228 1222 eiusdem
1249 1158 1406 1224 exarcatus

155 1271 254 1338 1111111
276 1272 411 1338 civitatis
433 1270 596 1338 Ravennae
619 1271 835 1355 antiquissima
864 1273 1080 1338 conservantur
1101 1271 1200 1338 literis
1223 1289 1284 1338 non
1307 1272 1407 1338 solum

155 1387 334 1472 vulgaribus
358 1386 411 1454 sed
425 1387 532 1453 latinis
547 1386 672 1470 gotticie
687 1386 883 1471 longobardis
907 1387 1077 1470 spectantia
1098 1389 1130 1453 et
1147 1387 1331 1471 pertinentia
1346 1405 1408 1454 non

156 1504 257 1569 solum
280 1502 455 1569 addictam
478 1502 636 1569 ecclesiam
666 1501 873 1568 cathedralem
895 1500 994 1567 dictae
1017 1502 1152 1568 civitatis
1176 1501 1229 1569 sed
1251 1501 1346 1569 etiem
1369 1501 1408 1568 ad
1472 1541 1474 1551 ,

156 1618 395 1700 Bononiensem,
425 1618 647 1698 Mutinensem,
677 1617 876 1703 Regiensem,
908 1618 1108 1684 Parmensem
1136 1618 1168 1685 et
1196 1617 1409 1685 Placentinum

158 1733 301 1800 himiliam
326 1736 533 1819 nuncupatam
554 1752 671 1801 necnon
686 1733 725 1799 ad
740 1733 934 1812 Flaminiam,
958 1736 989 1799 et
1003 1733 1197 1818 Pentapolim
1219 1733 1253 1800 in
1268 1735 1408 1800 exarcatu

157 1849 294 1916 eiusdem
317 1849 460 1929 civitatis,
490 1851 522 1916 11
543 1850 618 1917 haec
647 1850 789 1916 1111111111
811 1850 843 1916 11
872 1851 1020 1933 apparent
1048 1851 1152 1934 palam
1174 1851 1205 1915 et
1233 1849 1354 1934 publica
1375 1848 1409 1915 in

158 1965 240 2031 dicta
262 1965 395 2046 civitate,
418 1967 449 2032 et
464 1965 535 2032 aliis
549 1965 624 2032 locis
647 1984 701 2049 per
723 1965 862 2031 homines
886 1965 1000 2031 edicto
1021 1965 1157 2032 archivio
1180 1984 1233 2031 seo
1249 1965 1409 2051 carb‘logio

158 2082 305 2148 habentes
328 2081 480 2147 notitiam.

247 2197 328 2262 Item
350 2196 427 2262 dixit
449 2196 528 2280 quod
543 2195 687 2280 predictis
703 2197 861 2281 scripturis
884 2197 1026 2263 omnibns
1049 2198 1081 2262 et
1098 2197 1337 2282 quibuscumque
1358 2197 1409 2263 in-

158 2312 259 2379 ventia
281 2311 314 2377 in
329 2311 409 2377 dicto
424 2312 559 2378 archivio
583 2330 636 2379 seu
651 2311 809 2396 curtilagia
825 2313 915 2396 plene
936 2313 1032 2378 immo
1047 2313 1228 2396 plenissima
1250 2312 1412 2379 adhibetur

158 2427 244 2507 fides,
267 2429 299 2493 11
313 2445 432 2511 semper
454 2446 489 2494 11
504 2427 645 2495 continue
660 2426 799 2493 adhibita
821 2426 888 2506 brit,
911 2429 943 2493 11
957 2427 996 2494 ad
1011 2447 1135 2512 presens
1158 2427 1320 2494 adhibetur
1335 2427 1411 2494 fides

159 2545 226 2608 tam
248 2542 282 2608 in
304 2541 386 2608 dicta
408 2542 532 2610 civitate
561 2562 654 2628 quam
683 2543 777 2609 etiam
799 2543 832 2608 in
854 2544 994 2610 Romana
1023 2543 1106 2609 111111
1129 2544 1160 2609 11
1189 2543 1259 2609 aliie
1282 2543 1410 2627 quibus·

160 2677 290 2743 cumque
317 2658 393 2724 locis
422 2659 476 2724 ubi
497 2657 650 2744 contingit
677 2659 811 2743 prefatae
842 2659 1008 2743 scripturas
1037 2658 1198 2742 privilegia
1228 2659 1410 2742 apostolicae

159 2775 282 2840 litteras
296 2775 363 2839 tam
377 2774 585 2840 Romanorum
600 2773 778 2859 pontificum
793 2792 886 2858 quam
902 2773 1178 2840 sacratissimorum
1194 2773 1412 2858 imperatorum

161 2891 194 2956 11
215 2907 323 2973 regum
345 2889 377 2954 et
399 2889 476 2955 alias
500 2890 665 2975 scripturas
689 2889 795 2957 exinde
817 2891 968 2956 1111111111
997 2890 1166 2974 presentari
1189 2891 1221 2955 11
1242 2889 1359 2970 deduci,
1382 2892 1414 2956 et

162 3006 220 3070 1111
242 3004 354 3070 111111
376 3005 424 3070 111
445 3023 551 3071 verum
573 3005 676 3089 palam
701 3006 858 3089 publicum
882 3008 914 3072 11
935 3006 1088 3073 notorium
1117 3005 1198 3071 inter
1227 3023 1332 3071 omnes
1355 3005 1413 3072 ho-

163 3121 264 3186 mines
293 3119 391 3185 diotae
413 3119 548 3186 civitatis
578 3121 609 3186 11
630 3123 715 3187 extra
737 3120 774 3188 de
803 3120 938 3205 predicto
967 3120 1109 3200 archivio,
1139 3121 1170 3186 et
1197 3120 1334 3187 eiusdem
1355 3120 1416 3187 loci

164 3236 358 3304 observantia
379 3234 522 3303 notitiam
545 3236 700 3303 habentes.

254 3352 334 3417 Item
357 3351 435 3417 dixit
456 3351 536 3435 quod
557 3351 750 3418 munimenta
771 3370 842 3417 vera
863 3353 895 3418 11
917 3352 1083 3436 scripturae
1106 3352 1255 3419 1111111111
1277 3351 1315 3418 de
1337 3351 1418 3419 dicto

165 3467 300 3535 archivio
316 3486 422 3534 verum
436 3466 550 3532 libmm
572 3467 767 3534 intitulatum
784 3465 910 3533 (ironica
924 3466 1083 3534 Rioobaldi
1106 3485 1182 3552 quae
1204 3467 1314 3550 incipit
1333 3468 1418 3534 intus

169 3584 269 3664 ,liber
282 3582 453 3667 pomerium
468 3582 612 3648 ccclesiae
628 3582 835 3649 Ravennatis“
852 3583 885 3649 in
901 3601 960 3666 quo
975 3581 1063 3648 adest
1077 3581 1246 3666 capitulum
1264 3583 1418 3667 sexagesi-

166 3718 256 3764 mum
271 3699 328 3764 sub
349 3697 470 3764 rubrica
484 3697 521 3763 de
542 3697 697 3764 Flaminia
718 3699 749 3764 et
770 3697 937 3781 capitulum
960 3698 1183 3783 sexagesimum
1205 3699 1340 3782 primum
1363 3699 1420 3764 snb

165 3813 290 3880 rubrica
304 3813 342 3879 de
356 3813 498 3891 Aemilia,
513 3813 545 3878 11
558 3812 672 3878 librom
682 3831 830 3897 magnum
845 3812 1041 3879 consiliorum
1060 3813 1256 3898 incipientem
1272 3813 1421 3897 inquieta

164 3929 348 3996 membrana
359 3931 522 4012 ,perpetuo
537 3930 715 4012 regnente“,
730 3930 761 3993 et
769 3930 884 3994 multas
900 3928 978 3994 alias
993 3929 1159 4012 scripturas
1168 3930 1200 3994 et
1213 3928 1314 3994 bullas
1323 3929 1420 4014 privi-

164 4045 253 4128 legia
267 4044 408 4110 continue
424 4043 546 4110 stetisse
568 4043 602 4108 in
617 4043 697 4110 dicto
713 4043 847 4110 archivio
862 4046 894 4110 et
908 4043 952 4108 ibi
966 4062 985 4108 a
1000 4044 1143 4129 tempore,
1166 4062 1225 4128 quo
1238 4043 1305 4128 ipse
1319 4063 1420 4111 recor-

164 4161 263 4228 detur
283 4161 379 4226 luisse
408 4162 527 4244 reporta
555 4161 587 4226 11
608 4159 653 4225 ibi
676 4160 798 4226 stetisse
828 4179 922 4244 usque
944 4159 978 4225 in
999 4160 1171 4243 presentem
1201 4159 1283 4227 diem
1312 4161 1423 4245 quibus

162 4276 248 4346 fides
269 4275 443 4342 indubitata
457 4277 619 4342 adhibetur
641 4277 671 4342 et
687 4293 806 4359 semper
828 4275 968 4341 adhibita
982 4275 1042 4341 brit
1063 4275 1096 4341 in
1111 4275 1253 4342 omnibus
1275 4275 1351 4342 locis
1369 4277 1424 4342 ubi

163 4391 324 4476 contingit
352 4391 420 4475 ipsa
442 4391 610 4476 presentari
636 4393 701 4456 tam
724 4390 757 4456 in
779 4390 862 4456 dicta
883 4391 1016 4470 civitate,
1045 4409 1138 4475 quam
1165 4391 1260 4456 etiam
1289 4391 1322 4456 in
1351 4391 1423 4458 aliie

160 4508 257 4589 locis,
279 4509 311 4574 et
332 4507 502 4594 peripsum
524 4507 635 4575 testem
650 4506 815 4574 1111111111
830 4505 934 4574 omnia
955 4507 987 4572 et
1002 4505 1125 4592 singula
1147 4506 1278 4587 luerunt,
1301 4507 1332 4574 11
1350 4508 1423 4574 eunt

1202 4614 1263 4686 30*
