3380 5088
726 353 970 424 —278-

220 551 337 619 Datum
364 550 399 619 in
421 551 546 620 civitate
573 551 866 638 noemburgensi,
895 549 945 619 die
973 549 1081 638 quintu
1109 549 1226 620 docimo
1257 549 1364 618 Martii
1394 569 1473 618 anno

220 667 347 736 Domini
368 667 536 735 millesimo
558 669 804 754 quingentesimo
818 667 968 753 ιὶςιιίιιιο
983 669 1099 754 quarto,
1123 685 1286 753 regnorum
1300 668 1474 734 nostrorum

220 783 354 852 Romani
376 784 491 871 quinto,
514 785 644 852 ebonem
666 803 737 852 vero
758 803 846 854 nono.

310 1014 436 1083 Carolus
459 1016 565 1084 dirim
588 1017 709 1085 favente
737 1017 899 1085 clementis
929 1018 1043 1085 electus
1066 1018 1273 1085 Romanorum
1301 1016 1474 1102 imperator,

222 1151 342 1216 semper
370 1135 519 1217 augustus
542 1151 578 1199 ac
599 1153 651 1200 rex
680 1131 870 1215 Germaniae,
899 1134 1128 1220 Hispaniarum,
1157 1133 1315 1218 utriusque
1344 1133 1473 1211 Siciliae,

224 1247 351 1316 Hierlm.
374 1251 429 1316 eto.
453 1269 513 1330 rer,
537 1249 682 1316 archidux
704 1250 848 1317 Austriae
870 1250 926 1318 etc.
1181 1249 1313 1315 Carolus.

1182 1367 1238 1432 Pb.
1261 1365 1377 1432 Nicola.

815 1627 889 1695 208.

583 1793 749 1855 Clemens
771 1795 845 1856 vn.
867 1793 956 1855 Ducl
979 1793 1113 1856 Urbini.

619 1903 721 1990 (Brea.
737 1905 761 1971 L
777 1923 823 1990 op.
840 1907 913 1974 238.
929 1904 980 1971 iol.
997 1902 1086 1989 577).

692 2020 758 2106 (23.
774 2019 881 2087 Martii
899 2019 1008 2104 1524).

311 2181 431 2247 Dilecta
445 2180 500 2260 fili,
523 2181 654 2248 salutem
669 2183 725 2248 eto.
771 2181 856 2248 Licet
870 2181 1065 2249 nobilitatem
1080 2182 1166 2247 tuam
1181 2199 1236 2265 pro
1252 2200 1306 2247 sua
1322 2181 1355 2248 ln
1370 2201 1475 2248 omnes

222 2295 261 2362 ad
284 2295 349 2363 eius
378 2297 445 2363 loca
466 2297 569 2365 venue
591 2298 727 2364 volentes
749 2297 901 2378 comitate,
932 2315 991 2364 non
1020 2297 1196 2364 dubitemus
1225 2296 1299 2381 quin
1331 2299 1362 2363 et
1383 2315 1475 2363 vene·

222 2411 353 2479 rabilem
375 2411 502 2480 fratrem
524 2414 664 2480 nostrum
679 2412 866 2481 ludovicum
889 2413 1062 2499 episcopum
1078 2412 1275 2479 baiocensem
1298 2432 1333 2479 ex
1348 2412 1476 2491 Verona,

222 2529 259 2595 ut
273 2529 453 2614 ammianus,
468 2531 507 2597 ob
522 2529 720 2597 rationabiles
735 2531 898 2615 respectus,
914 2529 1069 2597 Urbinum
1085 2547 1117 2596 se
1132 2528 1296 2595 transferre
1304 2528 1475 2612 cupientem

221 2643 353 2712 libenter
374 2648 534 2730 exceptura
557 2646 606 2726 eit
630 2647 668 2712 ob
684 2646 897 2713 aucbritatem
919 2646 1014 2712 etiam
1028 2644 1172 2723 bominis,
1195 2646 1227 2710 et
1241 2646 1381 2710 mutuam
1396 2643 1477 2709 inter

223 2780 277 2829 vos
299 2761 556 2838 benevolentiam
584 2763 689 2829 brnen
703 2781 798 2847 quum
820 2761 903 2828 idem
935 2763 1102 2846 episcopus,
1125 2780 1215 2845 quem
1238 2761 1277 2826 ub
1300 2777 1387 2826 suam
1412 2759 1475 2824 vir-

224 2877 322 2944 tutem
343 2878 469 2963 paterne
491 2896 640 2958 emamus,
662 2879 784 2945 nostras
807 2896 925 2963 quoque
948 2879 987 2942 ab
1009 2877 1176 2943 telitteres
1200 2895 1290 2959 super
1312 2875 1369 2941 boc
1392 2875 1475 2940 deci·

223 2991 356 3069 damiam
379 3011 435 3059 nos
457 3013 642 3077 quamquam
658 2993 761 3060 minua
782 2991 970 3060 amassarias
992 3011 1044 3059 eas
1059 2990 1271 3069 indiceremus,
1294 2990 1426 3057 libenter
1447 2991 1476 3056 ei

223 3108 402 3188 annuimus,
431 3109 467 3175 ut
488 3109 567 3193 quod
596 3109 694 3176 facere
717 3128 752 3174 er
774 3109 805 3175 te
828 3110 929 3195 potes,
959 3110 990 3176 et
1010 3109 1045 3174 in
1066 3109 1161 3175 talem
1185 3107 1284 3174 virum
1308 3106 1413 3186 debes,
1443 3106 1476 3172 id

222 3223 369 3291 libentius
392 3225 565 3292 nostrmum
588 3224 761 3292 litterarum
789 3224 960 3291 accessione
982 3223 1106 3291 cifimus.
1154 3223 1267 3288 Datum
1290 3222 1405 3289 &mae
1427 3222 1476 3288 dis

223 3338 304 3406 xxiii
327 3339 434 3406 Martii
455 3340 585 3407 meluis.
632 3342 720 3408 Anno
743 3341 851 3425 primo.

815 3601 889 3668 209.

556 3766 722 3828 Clemens
745 3741 819 3828 lm.
842 3765 930 3826 Ducl
954 3767 1150 3827 Ferrarlee.

620 3875 722 3964 (Brea.
737 3877 761 3944 L
777 3895 823 3962 ep.
840 3878 905 3946 236
922 3876 973 3942 fol.
990 3877 1079 3950 573).

693 3991 759 4080 (23.
773 3991 881 4059 Martii
898 3991 1006 4077 1524).

313 4151 431 4220 Dilecto
452 4151 508 4235 fili,
531 4154 665 4221 salutem
686 4153 742 4220 etc
789 4151 969 4237 Accepimus
991 4171 1086 4236 nuper
1115 4151 1318 4218 venerabilem
1348 4151 1475 4216 fratrom

223 4267 409 4336 bulonicum
431 4269 575 4336 comitem
598 4267 749 4335 &nosses
770 4267 945 4353 episcopum
962 4267 1160 4333 Baiooensem
1182 4286 1243 4334 non
1264 4283 1359 4352 pauco
1379 4266 1474 4332 teneri

224 4383 372 4454 tesibrio
399 4401 435 4453 ex
456 4384 581 4452 civimte
603 4385 740 4453 Veronae
762 4383 934 4452 Ferrariam
963 4383 1111 4463 veniendi,
1138 4381 1241 4468 ibique
1263 4381 1380 4468 aliquot
1400 4380 1475 4461 dies,

222 4497 442 4569 dissidentibus
464 4499 591 4568 Venetis
614 4521 717 4588 aroge
739 4498 1004 4581 christianissimo,
1027 4498 1113 4566 cuius
1136 4497 1294 4584 episcopus
1316 4497 1382 4583 ipse
1405 4485 1472 4564 stu·
