3396 5090
807 321 1052 388 -172-

879 516 990 587 foris.

643 631 722 716 Regi
743 515 889 701 Polonia(e
910 635 941 700 et
963 515 1042 718 {tegi
1064 633 1219 719 Ungarr'ae

744 747 894 817 Olomutii
915 750 1118 819 conventuris.
1237 837 1240 844 ¹

895 1013 966 1078 128.

720 1175 898 1237 cardinali
921 1178 1143 1238 Treverensi.
1193 1184 1195 1190 ’

391 1331 489 1397 verr·
507 1331 601 1397 frater
617 1331 748 1398 salntem
763 1333 818 1399 eto.
857 1330 1012 1413 Quantum
1031 1331 1190 1416 profecerit
1204 1331 1237 1397 in
1259 1331 1356 1398 tanhs
1372 1331 1554 1400 Germaniae

300 1447 435 1513 motibus
458 1448 529 1514 tuae
551 1447 753 1514 fraternitatis
776 1449 874 1515 virtus
904 1451 935 1516 et
956 1449 1117 1534 prudentia
1139 1449 1178 1514 ad
1199 1448 1364 1533 impiorum
1392 1448 1552 1515 hominum

300 1563 452 1630 tumultus
476 1563 633 1642 sedandos,
657 1565 711 1630 aut
733 1565 827 1630 etiam
851 1565 946 1631 armis
969 1564 1174 1644 uindicandos,
1205 1565 1253 1631 est
1275 1565 1363 1663 nobis
1386 1566 1476 1650 plane
1498 1585 1548 1630 oo·

300 1680 431 1765 gnitum,
454 1680 593 1766 nihilque
608 1699 719 1746 novum
736 1680 773 1746 de
788 1681 909 1760 virtute,
924 1683 956 1747 et
970 1681 1117 1766 religione
1131 1682 1185 1746 tua
1200 1680 1415 1747 intelleximus.
1439 1680 1551 1747 Sumus

299 1797 382 1864 enim
411 1797 517 1862 iendiu
546 1797 579 1862 in
601 1815 637 1863 ea
666 1796 814 1880 opinione,
845 1798 880 1862 nt
902 1798 935 1878 in
958 1799 988 1864 te
1010 1798 1178 1864 iudicemus
1201 1797 1304 1882 rigere
1327 1797 1498 1882 exemplum
1520 1798 1551 1862 et

298 1913 423 1996 pietatis
446 1932 520 1998 erga
534 1913 643 1992 Deum,
666 1913 697 1978 et
719 1913 908 2004 integritatis
924 1914 1059 1980 eximiae.
1105 1913 1187 1978 illud
1203 1914 1335 1980 manime
1357 1913 1480 1999 quidem
1495 1932 1550 1978 nos

298 2028 461 2096 delectavit
483 2029 516 2096 in
538 2030 627 2096 tanta
649 2029 824 2097 contusione
847 2049 948 2097 rerum
971 2030 1117 2108 omnium,
1148 2031 1179 2095 et
1201 2030 1427 2114 perturbatione
1450 2031 1550 2095 status

299 2145 498 2212 aeclesiastici
520 2145 565 2211 ita
587 2145 734 2212 enituisse
758 2147 903 2213 virtutem
926 2147 1022 2224 tuam,
1052 2146 1088 2211 ut
1109 2146 1325 2230 intelligerent,
1348 2149 1379 2213 et
1403 2147 1550 2213 sentirent

298 2261 439 2346 improbi,
470 2262 583 2328 summi
606 2261 662 2328 Dei
688 2261 856 2328 sacerdotes
887 2262 981 2329 etiem
1004 2262 1043 2327 arl
1066 2282 1113 2329 res
1136 2281 1265 2346 magma
1287 2263 1471 2346 temporales
1493 2281 1548 2347 ge·

299 2377 407 2444 rendas
430 2377 561 2444 inueniri
583 2378 715 2444 idoneos.
762 2375 943 2462 Quanquam
972 2378 1123 2444 nollemus
1147 2397 1222 2462 opus
1245 2378 1339 2446 finisse
1362 2379 1466 2458 armis,
1497 2379 1551 2446 sod

299 2495 326 2560 si
349 2512 435 2559 arma
449 2493 618 2561 necessaria
635 2495 714 2572 sunt,
737 2512 798 2560 non
814 2496 886 2559 sunt
908 2493 963 2560 illa
979 2495 1171 2578 repudianda
1195 2495 1355 2578 presertim
1379 2495 1407 2560 si
1422 2495 1460 2561 ad
1475 2515 1548 2561 oon·

298 2610 499 2677 servationem
522 2629 610 2676 verae
633 2611 664 2676 et
687 2629 778 2676 sanae
801 2609 917 2676 Christi
939 2609 1020 2688 fidei
1044 2613 1074 2676 et
1097 2610 1135 2676 ad
1158 2610 1342 2695 reipubhcae
1364 2611 1549 2678 christianae

297 2726 464 2793 utilitatem
488 2727 611 2811 sumpta
632 2726 761 2793 fuerunt.
808 2723 894 2807 Quod
917 2726 950 2792 in
972 2727 1002 2792 te
1025 2727 1169 2805 evenisse,
1192 2729 1338 2813 tuamque
1360 2728 1457 2794 animi
1478 2748 1547 2794 ma-

297 2841 491 2928 gnitudinem
514 2862 584 2909 oum
608 2840 671 2908 Deo
701 2844 823 2908 etcum
853 2843 999 2927 religione
1029 2842 1123 2908 fuisse
1150 2843 1351 2924 coniunctam,
1380 2844 1547 2928 plurimum

296 2959 480 3044 gaudemus,
512 2961 640 3043 tuaeque
664 2959 850 3025 fraternitati
879 2959 915 3024 de
938 2959 1026 3024 tanta
1055 2957 1205 3044 aequisita
1233 2959 1323 3026 laude
1347 2959 1547 3045 gratulamur.

298 3073 363 3141 Nos
391 3075 529 3160 quidem,
558 3075 611 3159 qui
633 3075 693 3140 tibi
716 3093 834 3158 semper
856 3094 892 3139 er
921 3074 1023 3140 animo
1053 3074 1153 3140 affecti
1175 3075 1306 3154 fuimus,
1335 3076 1547 3161 insignemque

296 3209 368 3276 erga
391 3193 422 3257 te
436 3191 590 3276 gessimus
606 3190 851 3268 benivolentiam,
874 3191 953 3256 bano
975 3191 1061 3257 tuum
1076 3190 1198 3256 laudem
1214 3191 1353 3258 ducimus
1368 3192 1456 3258 nobis
1472 3211 1547 3276 pom

295 3327 488 3374 communem
502 3327 568 3374 esse
591 3308 700 3386 tecum,
723 3325 800 3391 quae
822 3306 882 3372 etsi
904 3307 1026 3391 magnis
1048 3307 1211 3386 laboribus,
1234 3309 1265 3374 et
1289 3308 1547 3374 sollicitudinibus

295 3424 354 3489 fuit
376 3424 481 3502 mixta,
504 3423 561 3489 hoo
584 3425 687 3489 tamen
710 3422 770 3488 fruit
791 3423 950 3507 insignior,
973 3423 1053 3507 quod
1074 3422 1240 3490 illustriore
1256 3423 1435 3490 documento
1457 3426 1545 3507 pate-

296 3541 375 3606 facta
399 3542 461 3611 esa
484 3542 533 3606 est
555 3539 637 3605 enim
652 3539 749 3604 virtus
772 3539 805 3604 in
821 3538 1055 3604 difficultatibus
1070 3539 1237 3622 perfectior.
1277 3539 1428 3605 Volumus
1443 3540 1545 3624 itaque

294 3656 468 3722 existimare
491 3655 715 3722 fraternitatem
731 3656 816 3720 tuam
839 3673 895 3721 nos
918 3655 949 3720 et
963 3655 1072 3720 multis
1095 3655 1266 3738 praeteritis
1282 3653 1391 3720 officiis
1406 3655 1465 3721 tibi
1480 3673 1546 3721 esse

295 3772 459 3850 baumoleo,
482 3774 514 3838 et
528 3771 585 3838 hoo
601 3771 713 3837 recenti
736 3772 845 3837 eventu
867 3770 912 3835 ita
927 3771 1070 3838 incitatos
1093 3761 1131 3836 ad
1155 3789 1288 3837 amorem
1311 3773 1342 3836 et
1364 3771 1545 3837 charitatem

295 3887 349 3965 tui,
373 3889 408 3953 ut
423 3888 502 3954 nihil
518 3887 568 3966 sit,
592 3884 670 3970 quod
686 3888 740 3951 tua
755 3905 846 3952 causa
861 3886 993 3952 Domino
1016 3885 1178 3952 adiurante
1201 3905 1261 3952 non
1283 3887 1413 3953 libenter
1435 3887 1545 3953 facturi

295 4004 400 4070 simus.
446 4003 511 4070 Neo
533 4021 602 4068 vero
617 4020 692 4085 opus
715 4021 782 4067 esse
803 4003 946 4084 putemus
970 4002 1139 4080 tehortari
1162 4004 1197 4068 ut
1219 4004 1252 4068 in
1274 4003 1413 4087 pristina,
1436 4007 1468 4069 et
1482 4005 1544 4069 iam

295 4120 435 4203 suscepta
465 4119 577 4184 virtute
607 4133 799 4203 permaneas,
829 4118 969 4182 hortatur
990 4118 1073 4183 onim
1096 4119 1127 4183 te
1149 4118 1238 4197 fides,
1269 4121 1300 4186 et
1323 4119 1459 4203 dignitas
1482 4121 1543 4195 tua,

295 4238 385 4319 atqua
408 4234 434 4300 is
457 4235 540 4300 Deus
569 4253 658 4300 verus
681 4234 713 4299 et
734 4251 822 4311 unus,
852 4233 937 4298 cuius
960 4251 1065 4300 omnes
1088 4233 1213 4312 nomini,
1243 4237 1274 4301 et
1297 4235 1403 4301 honori
1432 4233 1544 4301 tuendo

294 4351 501 4425 elaboramus3
532 4369 621 4433 quem
645 4349 702 4415 tibi
725 4368 787 4415 non
808 4347 985 4416 dubitamus
1008 4351 1129 4414 tuorum
1151 4350 1290 4418 laborum
1312 4352 1429 4418 fructus
1452 4352 1542 4418 uber·

293 4467 386 4534 nimos
410 4467 584 4533 relaturum.
631 4465 705 4546 Nos,
729 4465 757 4532 si
771 4465 829 4532 tibi
845 4463 1070 4532 incommodum
1085 4483 1146 4533 non
1168 4469 1224 4548 est,
1247 4467 1284 4533 de
1303 4469 1392 4534 rebus
1407 4468 1471 4534 illis
1489 4487 1542 4562 per
