3380 5088
706 323 950 402 -287-

792 678 867 744 216.

529 841 611 900 Dux
634 841 836 902 sabaudiae
859 841 1029 902 Clementi
1054 844 1127 904 Vll.

630 951 717 1036 (litt.
732 951 859 1034 princip.
876 951 915 1018 ll.
932 951 1021 1036 230).

689 1066 733 1152 (9.
748 1066 836 1132 Junii
855 1066 962 1138 ltili.

288 1225 472 1292 Beatissimo
501 1227 595 1310 pater
641 1226 716 1292 Post
744 1227 937 1293 humillimas
966 1228 1122 1314 usquead
1152 1230 1310 1298 beatorm
1338 1229 1450 1314 omnm

199 1340 302 1405 osenla
331 1341 617 1409 commendationes.
668 1342 753 1410 lieet
782 1342 899 1410 sinoera
928 1345 1108 1428 etpotamo
1145 1347 1245 1412 restro
1275 1346 1450 1414 sanotitatis

197 1474 270 1540 erga
293 1475 342 1522 me
364 1457 476 1524 oaritas
498 1457 613 1524 dudam
637 1457 713 1523 satis
736 1457 815 1524 mihi
837 1459 910 1524 nota
932 1458 1017 1539 forat
1040 1463 1128 1544 pater
1151 1459 1338 1540 beatissime,
1361 1461 1450 1530 illam

199 1573 302 1639 tamm
324 1573 425 1657 magis
448 1575 539 1656 atque
568 1574 670 1659 magis
692 1593 728 1640 ea
750 1574 829 1640 mihi
850 1594 931 1642 nuno
954 1575 1072 1659 aperuit
1095 1576 1148 1642 ubi
1173 1576 1370 1644 reverendum
1393 1577 1449 1643 do·

199 1688 318 1753 minum
333 1687 593 1774 arehiepisoopum
609 1687 786 1773 Capuanum
810 1709 863 1756 sua
878 1690 1052 1758 sanctitatis
1068 1691 1214 1760 nuuoium
1230 1691 1268 1758 ad
1283 1711 1333 1758 me
1348 1691 1451 1762 venno

199 1801 298 1884 iussit,
315 1805 350 1869 ut
365 1823 418 1870 sue
432 1803 597 1890 legationis
612 1823 737 1872 oausam
750 1803 882 1872 fideliter
897 1805 1069 1872 nunaunt:
1088 1805 1154 1887 Quo
1169 1808 1206 1874 lit
1221 1808 1256 1873 ot
1270 1807 1319 1874 illi
1333 1809 1450 1892 gratias

199 1917 324 1984 reddam
346 1919 545 1986 immortales
574 1920 616 1986 rt
636 1919 781 2005 qnoniam
804 1939 868 1987 rem
891 1921 971 1988 hano
992 1923 1094 1988 vostra
1125 1922 1273 1989 sanctitas
1296 1923 1451 2008 complexa

197 2037 245 2100 ost
253 2034 323 2102 diro
338 2035 512 2120 optimoque
526 2035 668 2120 pontilioo
683 2035 818 2122 dignam,
833 2037 973 2104 universo
981 2037 1105 2123 quidem
1119 2037 1261 2122 religioni
1275 2038 1449 2119 ohristione,

198 2151 275 2217 milri
291 2153 393 2218 subm
409 2151 573 2218 admodum
588 2151 697 2218 utilem
713 2171 748 2217 ao
763 2152 974 2231 neeessariam,
991 2153 1058 2240 (lui
1073 2172 1163 2237 super
1177 2171 1283 2220 omnes
1298 2152 1331 2222 in
1349 2153 1449 2220 modio

198 2267 316 2349 positus
345 2267 513 2334 necessarie
544 2267 628 2350 ponis
657 2269 689 2334 st
718 2269 874 2336 oonoordie
905 2268 1085 2336 benefitium
1118 2269 1239 2337 intimis
1266 2269 1449 2354 praooordiis

198 2382 354 2467 concupio)
393 2383 589 2449 sanctitatem
619 2385 754 2450 vestram
783 2403 875 2468 quam
905 2385 1081 2454 humillime
1115 2385 1273 2469 deprecor,
1307 2386 1449 2470 dignetur

198 2499 263 2563 mm
287 2500 390 2565 saneta
412 2499 520 2583 pieque
542 2499 586 2565 roi
601 2499 646 2566 ita
668 2518 791 2583 operam
814 2499 885 2568 dare
900 2501 936 2566 nt
949 2501 990 2566 ad
1012 2501 1153 2568 allenium
1175 2501 1370 2587 perdonatum
1393 2523 1449 2568 neo

197 2613 428 2696 praeterendum
457 2613 532 2698 quin
553 2614 587 2680 in
616 2617 682 2681 tam
710 2615 840 2694 salubri,
870 2616 920 2682 vel
947 2619 1050 2700 optata
1080 2615 1165 2700 panis
1194 2617 1243 2682 rol
1273 2619 1449 2702 treugarum

197 2731 338 2810 imolato,
361 2730 423 2797 mei
442 2748 560 2798 memor
581 2749 648 2797 esso
670 2729 821 2816 dignetur.
851 2731 969 2816 Nempe
991 2733 1044 2816 qni
1058 2750 1180 2816 oporam
1204 2731 1399 2817 studiumque
1416 2733 1449 2800 et

198 2845 278 2912 vireo
298 2863 383 2912 meaa
406 2864 512 2912 onmes
534 2845 574 2912 ad
595 2864 661 2913 rom
686 2846 786 2930 ipsam
808 2864 863 2931 pro
894 2849 970 2916 notu
994 2848 1093 2916 vestre
1127 2845 1301 2914 motiano
1322 2846 1452 2914 iadoiter

197 2960 389 3046 dirigendam
411 2961 541 3029 libenter
556 2961 655 3042 offero,
673 2962 768 3028 stiam
790 2962 852 3047 ipsi
867 2963 1026 3030 motitati
1041 2963 1140 3030 vestre
1160 2962 1298 3030 smmum
1321 2963 1450 3032 devoveo

197 3077 452 3160 quemadmodum
476 3077 569 3144 latius
591 3095 645 3162 per
666 3078 783 3146 dietum
812 3079 1009 3148 reverendum
1030 3078 1291 3162 mohiepiaoopum
1314 3079 1374 3146 sibi
1396 3098 1446 3145 re·

197 3192 274 3259 ferre
288 3194 409 3279 rogari:
425 3193 575 3260 euiiidem
590 3195 744 3278 praestare
759 3193 936 3278 dignabitur
951 3213 986 3260 ao
1000 3194 1140 3270 abditos
1155 3213 1239 3262 meos
1254 3194 1448 3279 gravissimis

198 3309 345 3375 bellomm
375 3309 549 3376 turbinibus
572 3328 607 3376 er
629 3328 662 3376 re
683 3309 784 3376 aliem
806 3309 937 3376 alfiistos
958 3311 990 3377 et
1012 3308 1196 3395 defatigatos
1219 3308 1263 3375 ita
1291 3327 1447 3376 sommen-

198 3423 285 3491 datos
307 3424 438 3492 aaron
467 3425 547 3510 qnod
569 3444 588 3490 a
610 3427 697 3492 tana
721 3425 841 3492 saroiua
863 3424 913 3511 (ut
933 3443 988 3508 par
1011 3425 1072 3511 est)
1095 3425 1275 3492 eximantur.
1310 3421 1361 3492 sio
1384 3445 1449 3492 rem

198 3541 263 3605 mm
285 3539 368 3624 piam
391 3559 426 3606 oo
449 3542 581 3627 benigno
607 3542 694 3625 patre
716 3539 843 3626 dmum
865 3541 933 3609 tum
956 3540 1035 3608 mihi
1064 3539 1229 3608 admodum
1259 3540 1448 3625 singularem

197 3655 310 3724 efficiet
331 3655 436 3724 eadem
459 3658 606 3724 sanettos
629 3659 740 3738 restra
763 3675 821 3742 qne
843 3656 1020 3724 felicissime
1048 3657 1150 3724 valeat
1179 3657 1213 3724 in
1235 3654 1348 3726 suasa
1371 3655 1447 3722 Sede

198 3769 250 3836 diu
274 3769 434 3859 (seriptum
458 3772 649 3840 Chamberioi
669 3773 708 3840 ix.
730 3771 841 3860 Junii).

1187 4003 1217 4073 S.
1264 4058 1271 4073 .

953 4005 1164 4190 Humillimis}
1178 4124 1210 4188 et
1232 4006 1447 4190 Xorotissimus

1014 4239 1097 4306 filius
1119 4238 1180 4305 dux
1203 4237 1379 4306 Sabandiae.

1145 4353 1263 4442 (Citra).
