3364 5102
796 359 1041 426 ..343-

291 553 386 621 etiam
408 553 602 620 contumeliis
624 553 725 620 allecti
754 554 884 621 maiores
906 554 1004 620 nostri
1027 573 1046 620 1
1069 552 1169 620 Gallis
1192 554 1314 636 fuerint,
1336 555 1427 640 atque
1450 555 1553 622 etiam

292 688 347 735 noe
370 670 477 737 offensi
498 671 530 737 11
550 670 629 738 laesi
651 670 821 738 fuerimus?
844 672 879 737 ut
902 670 930 736 si
951 689 988 737 er
1010 670 1075 738 illie
1093 689 1230 739 essemus
1253 671 1364 756 quibus
1387 672 1552 740 infinitum

292 786 395 853 odium
418 806 486 854 esse
502 787 589 868 solet,
612 789 666 853 aut
681 787 792 854 saltem
806 787 1006 873 legittimum,
1029 787 1205 855 existimare
1219 790 1394 872 poteramus
1407 789 1551 855 oblatam

291 902 371 971 hene
392 921 486 970 unam
515 903 653 971 omnium
682 904 952 988 occasionemque
975 905 1077 972 tantas
1108 906 1139 971 11
1160 906 1227 971 iam
1247 904 1387 990 insignes
1416 904 1551 972 iniurias

292 1020 513 1101 ulcisceremur,
536 1020 647 1106 quibus
663 1022 767 1087 11111111
788 1040 849 1088 uno
871 1021 1007 1105 tempore
1029 1021 1224 1101 oblitteratis,
1246 1023 1351 1106 totque
1370 1021 1440 1088 aliis
1462 1022 1550 1107 legi-

291 1137 378 1203 timis
401 1138 573 1222 suppressis
595 1137 736 1222 querelis,
758 1155 877 1204 merum
900 1138 931 1204 et
952 1157 1062 1222 purum
1084 1139 1169 1223 pacis
1197 1139 1256 1204 iter
1282 1139 1416 1224 ingressi
1437 1158 1551 1206 sumus

291 1255 413 1322 nonnisi
435 1275 471 1321 er
485 1255 574 1340 capto
597 1256 628 1321 et
642 1253 734 1322 toties
756 1254 917 1339 profligato
932 1255 1021 1322 hoste
1036 1274 1072 1322 ea
1086 1255 1276 1339 postulantes
1299 1274 1384 1340 quae,
1407 1255 1470 1322 nisi
1487 1275 1547 1340 pe-
1647 1233 1648 1236 Ἴ

291 1371 375 1439 nitus
398 1372 534 1458 desipere
556 1371 686 1440 velimus
709 1371 915 1457 dignitatique
937 1391 973 1438 ac
987 1372 1059 1439 fidei
1073 1374 1195 1440 nestrae
1218 1373 1331 1454 deesse,
1353 1373 1550 1442 nullomodo
1649 1420 1650 1444 1

290 1489 486 1557 dissimulare
507 1489 722 1575 potuissemus.
752 1489 801 1556 Ad
824 1507 902 1573 quae
923 1490 1028 1556 temen
1051 1489 1078 1556 si
1100 1489 1257 1557 intantum
1271 1487 1432 1557 Gallorum
1454 1490 1550 1557 corda
1650 1542 1651 1556 ,

290 1607 461 1688 induruere,
483 1607 639 1674 intumum
654 1605 798 1674 obaudire
812 1625 847 1672 se
861 1605 985 1692 lingunt
999 1608 1034 1672 ut
1048 1604 1129 1692 qued
1144 1607 1210 1674 tem
1224 1607 1350 1689 iustum,
1373 1608 1440 1674 11111
1458 1609 1546 1674 omni

286 1724 441 1810 acquitate
461 1724 621 1790 suffultum
635 1724 684 1789 est
697 1723 850 1807 percipere
865 1723 979 1799 nolint;
1002 1723 1076 1809 quid
1098 1725 1145 1790 est
1164 1742 1218 1807 per
1232 1724 1342 1804 Deum,
1364 1723 1547 1791 beatissime

288 1843 382 1926 pater,
398 1840 477 1926 quod
499 1840 589 1907 nobis
603 1839 751 1924 imputari
765 1839 874 1907 debeat
888 1840 1051 1925 quominus
1074 1840 1202 1925 posthae
1224 1841 1255 1906 11
1269 1841 1397 1908 victora
1419 1842 1547 1908 utemur

287 1960 320 2024 11
342 1957 381 2024 ad
410 1957 510 2025 multa
538 1956 601 2022 1111
629 1956 833 2040 recuperanda
861 1956 1075 2041 procedamus,
1104 1955 1275 2040 dequibus
1304 1957 1391 2023 nulla
1413 1975 1432 2023 1
1454 1957 1545 2024 nobis

286 2072 436 2140 desiderio
458 2073 542 2158 pacis
565 2072 680 2140 mentio
703 2071 802 2138 adhuc
824 2072 905 2138 fecte
927 2072 997 2138 est?
1020 2069 1107 2152 Quod
1129 2092 1200 2140 vero
1223 2072 1330 2140 scribit
1352 2091 1376 2138 s.
1392 2093 1420 2140 1.
1435 2073 1546 2141 honori

287 2190 351 2257 iem
373 2191 404 2256 11
427 2189 542 2274 gloriae
572 2189 693 2255 nostrae
716 2207 735 2255 1
757 2189 821 2255 Dee
852 2188 1045 2255 satisfactum
1074 2190 1105 2254 et
1128 2189 1155 2255 si
1178 2208 1238 2274 qua
1267 2189 1392 2274 pristini
1414 2189 1491 2255 belli
1513 2193 1545 2257 11

287 2305 509 2374 controversiae
524 2323 616 2370 causa
638 2304 706 2383 furit,
729 2323 797 2372 eam
812 2323 880 2372 esse
901 2306 967 2371 tam
990 2304 1107 2390 insigni
1122 2305 1249 2372 victoria
1271 2307 1302 2372 et
1316 2305 1454 2389 ipsorum
1469 2324 1544 2373 con·

287 2422 419 2488 lessione
441 2421 578 2489 hostium
600 2421 813 2498 terminatam
833 2421 1028 2507 agnoscimus
1050 2421 1173 2506 quidem
1189 2440 1338 2506 magnum
1361 2423 1393 2489 et
1413 2422 1545 2489 immor·

287 2539 351 2605 tale
373 2531 483 2625 optinui
497 2538 556 2604 Dei
578 2537 613 2604 in
634 2537 723 2605 111111
738 2538 865 2604 victoria
887 2556 960 2624 erge
982 2557 1037 2605 nos
1052 2537 1233 2605 beneficium
1248 2538 1395 2619 extitisse,
1418 2540 1450 2604 11
1464 2539 1545 2622 quod

287 2654 373 2722 nullo
396 2673 414 2720 1
436 2654 525 2721 nobis
553 2653 724 2740 gratiarum
746 2673 857 2739 genere
886 2654 954 2739 capi
976 2655 1089 2739 possit;
1119 2655 1153 2720 11
1181 2673 1290 2721 causae
1319 2655 1541 2722 controversiae

288 2771 481 2837 satisfactum
503 2789 564 2838 non
594 2772 650 2851 est,
682 2790 776 2855 quum
800 2770 929 2837 violator
951 2769 1081 2837 faederis
1105 2767 1224 2850 Gallus,
1246 2770 1326 2855 quod
1352 2771 1440 2838 nobis
1473 2789 1543 2838 cum

286 2906 321 2954 eo
344 2886 506 2972 repetenda
535 2906 611 2971 quae
639 2887 773 2971 plurimo
803 2887 834 2952 11
861 2886 977 2971 optimc
1005 2887 1071 2953 iure
1102 2885 1142 2952 ad
1173 2905 1228 2952 uos
1257 2886 1409 2970 pertinent
1441 2886 1473 2952 et
1503 2886 1543 2952 ad

286 3023 363 3088 quae
394 3002 615 3084 intercedebat,
652 3003 711 3068 iter
742 3002 840 3069 denuo
871 3001 960 3069 nobis
991 3001 1169 3088 patefecerit
1199 3001 1239 3068 ad
1275 3021 1311 3068 ea
1342 3001 1431 3068 nobis
1467 3001 1542 3067 dum

286 3119 488 3186 nouissimum
518 3138 588 3186 cum
611 3115 701 3184 Gallo
723 3118 829 3186 medus
858 3119 955 3185 ictum
978 3118 1045 3200 luit,
1073 3119 1221 3203 respicere
1249 3138 1302 3203 per
1324 3119 1458 3184 11111111
1481 3135 1542 3184 non

285 3236 381 3316 licuit,
404 3237 436 3303 et
457 3254 534 3320 quae
557 3234 650 3301 etiam
673 3235 779 3319 postea
802 3234 958 3320 negligere
980 3254 1115 3320 uuquam
1131 3234 1298 3312 voluimus;
1321 3233 1447 3299 tametsi
1468 3233 1541 3298 nul·

287 3353 353 3418 lum
376 3351 499 3418 111111
522 3351 611 3420 initio
641 3350 716 3417 belli
745 3351 867 3435 tempus
898 3350 1111 3417 intermissum
1140 3350 1181 3415 sit
1211 3350 1285 3434 quin
1307 3348 1345 3415 de
1367 3368 1440 3434 pace
1462 3349 1543 3416 inter

287 3467 413 3536 Gallum
435 3468 466 3534 11
488 3486 544 3534 nos
567 3469 670 3534 ectum
692 3465 792 3532 luerit.
838 3463 922 3546 Quae
944 3465 1067 3551 quidem
1090 3466 1157 3551 ipsa
1181 3466 1208 3531 si
1236 3466 1300 3531 iem
1320 3465 1378 3531 hoc
1407 3465 1543 3551 tempore

286 3584 441 3670 negligere
470 3584 547 3650 velle
578 3581 757 3664 videremur,
789 3582 858 3667 quis
888 3582 1012 3667 estqui
1044 3601 1099 3648 nos
1130 3581 1227 3648 divini
1259 3580 1397 3648 beneficii
1428 3581 1542 3648 imme·

286 3719 399 3780 mores,
430 3700 479 3766 vel
511 3699 613 3783 potius
643 3699 874 3783 contemptores,
906 3697 1111 3784 dignitatique
1140 3697 1211 3764 fidei
1243 3698 1275 3763 11
1304 3697 1412 3763 honori
1438 3699 1542 3764 nostre

285 3815 450 3882 minimum
473 3815 674 3892 consulentes,
696 3833 758 3881 non
779 3814 845 3881 iure
866 3814 965 3880 dicere
988 3815 1113 3898 posset?
1136 3815 1169 3879 et
1182 3813 1235 3897 qui
1257 3813 1542 3880 111111111111111

286 3951 321 3998 ex
344 3933 391 3998 tot
412 3930 537 4015 praeliis
559 3930 639 3996 nihil
662 3930 700 3996 de
721 3930 772 3996 his
795 3948 872 4016 quae
894 3929 933 3996 ad
956 3949 1011 3996 nos
1040 3931 1121 3996 iuste
1143 3929 1235 3995 titulo
1257 3929 1420 4013 pertinent,
1452 3948 1539 3995 recn-

286 4066 417 4131 perasse,
446 4065 502 4112 neo
531 4045 614 4112 aliud
644 4046 800 4130 quaesisse
829 4045 890 4112 dici
918 4063 1077 4130 possemus
1106 4063 1199 4129 quam
1231 4047 1372 4129 sumptus
1402 4063 1540 4129 magnos,

286 4161 445 4247 dispendia
467 4181 503 4228 ac
517 4161 710 4228 incommoda
732 4180 810 4246 quae
831 4163 898 4227 torn
914 4161 1093 4227 diuturnum
1115 4162 1147 4227 et
1162 4179 1254 4244 grave
1276 4160 1394 4226 bellum
1418 4179 1436 4226 1
1452 4161 1539 4226 uobis

286 4277 424 4363 peperit?
454 4275 618 4360 Speremus
641 4277 744 4362 itaque
766 4295 827 4345 non
850 4277 949 4344 solum
975 4297 998 4344 s.
1020 4297 1048 4342 v.
1072 4275 1125 4342 sed
1147 4295 1198 4342 eos
1221 4295 1326 4343 omnes
1349 4277 1403 4361 qui
1425 4279 1540 4342 remoto

286 4393 396 4460 aflectu
418 4391 456 4459 de
477 4392 568 4458 rebus
589 4393 723 4460 iudicare
744 4394 881 4477 possunt,
910 4393 942 4459 et
964 4394 1138 4478 praesentes
1167 4392 1301 4459 actiones
1330 4393 1452 4458 nostras
1479 4410 1540 4458 non

286 4507 375 4574 modo
390 4526 451 4575 uon
465 4508 698 4593 improbeturos,
722 4507 775 4576 sed
789 4509 926 4593 impenso
949 4509 1044 4576 etiem
1061 4507 1332 4575 commendaturus.
1364 4503 1450 4588 Quod
1470 4523 1537 4573 vero
