3400 5088
676 335 897 400 „75-

160 551 296 616 proceres
318 532 434 597 factum
462 531 522 596 fuit
550 550 621 596 curn
643 531 725 596 oir.ne
754 532 807 596 tua
829 531 1002 608 convenir03
1033 533 1068 596 ut
1096 533 1178 598 esset
1201 533 1338 598 omniurn
1360 533 1411 598 iu·

160 647 322 714 columitas
345 647 500 713 communi
521 647 619 713 tutela
641 648 672 712 et
694 646 867 713 defensione
890 647 992 714 tutior.
1038 647 1103 713 Nos
1133 649 1161 714 si
1183 648 1412 734 circumspectio

160 767 214 831 tua
237 783 301 832 rem
323 766 400 830 bene
422 763 587 847 cogitatam
617 763 648 828 et
670 764 790 846 ceptam
812 763 954 829 insistere
983 765 1073 848 atquo
1103 765 1209 849 exequi
1236 784 1411 849 persevera-

160 881 253 959 verit,
276 899 337 947 uon
353 900 458 947 sumus
473 879 522 945 illi
544 899 641 963 neque
655 879 846 945 auctoritatis
861 881 982 945 nostrae
1004 879 1137 959 brachio,
1160 899 1256 966 neque
1271 881 1413 948 omuibus

161 997 282 1064 auxiliis
306 1017 381 1082 quae
403 996 553 1080 praestari
568 997 689 1062 anobis
712 997 854 1080 poterunt
877 995 1027 1074 defuturi;
1047 997 1138 1082 idque
1161 997 1219 1064 tibi
1234 997 1413 1082 pollicemur

161 1133 196 1178 uc
218 1113 312 1179 etiarn
334 1115 370 1178 ut
398 1131 571 1196 perseveres
601 1112 632 1177 et
652 1130 763 1197 pergas
792 1112 991 1196 iniungimus.
1038 1110 1105 1192 Qua
1134 1114 1228 1180 etiam
1251 1113 1288 1179 de
1311 1133 1351 1193 re,
1375 1113 1414 1179 ad

161 1231 281 1296 nostros
304 1230 337 1294 in
352 1227 502 1313 Hispania
525 1227 651 1293 nuncios
668 1228 847 1312 scripsimus
871 1229 906 1293 ut
929 1227 1009 1311 apud
1033 1245 1152 1294 ser.lium
1168 1227 1328 1295 Caesarem
1343 1248 1412 1294 om·

160 1365 232 1412 uem
254 1363 377 1430 operam
400 1363 458 1428 quo
489 1344 586 1428 ipsius
609 1344 668 1409 tibi
691 1362 808 1428 quoque
830 1345 943 1411 auxilio
965 1345 1047 1410 adsit
1077 1345 1224 1411 serenitas
1248 1345 1414 1412 adhibeant

161 1461 193 1526 et
215 1461 418 1546 interponant,
449 1460 528 1526 sicut
550 1459 587 1525 de
609 1460 659 1526 hie
688 1462 789 1526 tecum
821 1460 1012 1545 supradictus
1041 1463 1130 1526 carli·
1160 1461 1281 1546 legatus
1310 1461 1414 1527 noster

160 1577 254 1642 latius
277 1579 349 1661 aget
377 1576 463 1642 cuius
491 1575 605 1642 litteris
627 1575 720 1642 fidem
750 1575 886 1643 habebis.
931 1577 1047 1642 Datum
1069 1578 1185 1645 Romae
1207 1576 1256 1642 die
1278 1576 1329 1642 rii.
1353 1577 1412 1642 Ile·

161 1691 277 1758 bruarii
298 1691 417 1758 mdxxv.
462 1691 551 1758 Auno
575 1691 713 1758 secundo.
1108 1687 1112 1695 ’

760 1951 812 2018 52.

402 2118 555 2192 Principi
579 2117 773 2193 Germano,
797 2122 833 2176 et
855 2117 1081 2192 Principibus
1104 2122 1171 2176 etc.

248 2271 362 2338 Dilecti
382 2271 442 2337 filii
463 2273 518 2338 etc.
564 2271 633 2337 lltsi
655 2290 761 2336 sumus
784 2271 859 2337 certi
890 2271 1067 2338 nobilitates
1097 2272 1215 2337 vestras
1237 2291 1298 2338 nou
1320 2271 1415 2338 latere

159 2388 306 2472 quantam
328 2386 446 2453 cladem
476 2407 511 2452 ac
532 2387 698 2472 perniciem
727 2387 834 2454 aderat
861 2387 918 2453 isti
939 2387 1150 2454 nobilissimae
1179 2388 1317 2454 omnium
1340 2407 1412 2472 pro·

159 2503 326 2570 vinciamm
356 2501 538 2570 Germaniae
561 2504 688 2569 Lutheri
716 2503 814 2587 impia
845 2506 877 2568 et
905 2503 1122 2570 abominabilis
1151 2504 1252 2584 factio,
1283 2523 1359 2588 qnae
1381 2505 1413 2569 et

158 2619 260 2699 fidem,
282 2621 459 2704 cultumque
482 2619 596 2684 summi
617 2617 676 2685 Dei
705 2637 788 2686 more
810 2621 955 2703 perpetuo
977 2621 1025 2685 tot
1048 2621 1236 2687 saeculorum
1259 2619 1410 2685 adscitum

157 2737 189 2802 et
211 2736 448 2820 comprobatum,
471 2736 503 2801 et
524 2754 646 2802 omnem
669 2737 862 2820 potestatem,
892 2735 1096 2819 disciplinam,
1119 2737 1314 2820 ordinemque
1337 2755 1410 2801 cou-

156 2852 266 2931 fuudit,
295 2851 386 2937 idque
416 2853 549 2932 1111111111,
579 2853 615 2917 11
637 2852 757 2936 legibus
788 2852 983 2936 moribusque
1012 2853 1206 2936 perturbatis,
1236 2854 1268 2917 et
1291 2871 1411 2916 summa
1498 2875 1502 2882 ⁴

156 2969 228 3034 imis
251 2969 445 3047 misceantur,
468 2969 500 3034 et
523 2968 586 3033 ima
610 2968 739 3034 summis
764 2968 974 3046 dominantum
997 2970 1103 3034 tamen
1126 2969 1227 3034 risum
1243 2970 1299 3062 ⁸est
1320 2968 1409 3033 nobie

155 3085 193 3150 de
215 3085 328 3151 virtute
350 3087 452 3150 vestra
474 3085 589 3169 optime
603 3083 809 3151 iudicantibus
832 3104 886 3169 per
907 3085 964 3150 has
987 3085 1108 3150 nostras
1124 3083 1245 3150 litteras
1268 3103 1329 3149 uon
1344 3085 1421 3148 tam-

154 3201 258 3267 docere
280 3220 334 3267 vos
357 3219 449 3285 quam
479 3200 648 3280 admonere,
677 3202 712 3266 ut
733 3221 787 3284 per
815 3201 961 3267 honorem
983 3201 1069 3266 illius
1098 3200 1317 3284 omnipotentis
1340 3200 1409 3276 Dei,

154 3317 206 3400 qui
229 3317 316 3383 robis
339 3317 443 3382 111111
468 3315 639 3400 diguitatis,
669 3320 701 3382 et
724 3317 772 3382 sui
794 3317 978 3402 cognitionis
1009 3317 1137 3383 donator
1159 3317 1270 3395 extitit,
1299 3335 1410 3400 perque

154 3450 221 3496 eam
245 3431 345 3511 fidem,
369 3451 429 3517 qua
451 3431 500 3498 illi
523 3433 636 3498 servire
659 3432 690 3498 et
712 3432 832 3500 obedire
856 3433 975 3498 astricti
997 3433 1082 3510 estis,
1104 3431 1207 3498 velitis
1230 3429 1341 3496 vestris
1365 3431 1409 3495 si-

155 3547 279 3614 milibus
296 3549 396 3627 claris,
419 3548 567 3633 bonisque
589 3549 779 3633 principibus
795 3549 953 3615 vobiscum
968 3549 1120 3615 adiunctis
1136 3541 1224 3632 opem
1239 3566 1293 3631 pro
1309 3548 1410 3612 restra

151 3663 346 3748 parisiens,
369 3666 405 3730 ut
427 3663 568 3748 apamia,
592 3667 624 3730 et
645 3665 769 3731 natione
792 3668 902 3744 vestra
925 3666 959 3730 iu
973 3684 1033 3749 qua
1056 3685 1175 3749 semper
1197 3681 1268 3748 prae
1283 3662 1409 3730 coeteris

153 3779 321 3845 christiana
352 3781 459 3864 religio
482 3779 593 3860 floruit,
617 3781 690 3846 talis
713 3781 819 3865 pestis,
843 3783 874 3847 et
896 3781 1057 3847 calamitas
1080 3780 1242 3865 aliquando
1265 3779 1409 3846 extermi-

151 3897 248 3974 netur,
271 3915 307 3962 ac
329 3897 376 3962 111
397 3897 591 3981 pereuntium
613 3898 787 3963 animarum
811 3898 912 3977 saluti,
936 3899 967 3963 et
982 3899 1094 3982 legum,
1118 3898 1265 3964 bonomm
1281 3915 1410 3972 morum

151 4011 342 4096 superiorum
364 4013 552 4097 potestatum
582 4031 659 4096 quae
681 4032 735 4097 per
764 4012 844 4078 hanc
874 4014 1084 4080 turbulentam
1114 4014 1246 4079 heresim
1269 4013 1302 4078 in
1325 4011 1408 4097 peri-

148 4128 254 4217 culum
277 4128 424 4196 adductae
441 4131 522 4208 sunt,
545 4127 750 4195 incolumitati
773 4131 959 4209 consuletur,
983 4149 1053 4196 oum
1067 4129 1158 4196 facile
1179 4130 1243 4195 iam
1266 4128 1408 4196 omuibus

149 4245 305 4328 appareat
328 4244 390 4309 nisi
411 4263 536 4328 presens
560 4244 729 4312 remedium
752 4236 844 4311 tuerit
867 4245 1052 4325 adhibitum,
1075 4247 1184 4312 cuncta
1199 4247 1232 4312 iu
1254 4247 1408 4311 contusio·

147 4377 219 4424 nem
243 4360 274 4425 11
296 4359 416 4426 ruinam
439 4359 576 4426 celeriter
610 4379 676 4426 esse
700 4359 828 4426 abitura.
874 4361 919 4427 Ac
941 4381 996 4454 nos
1020 4363 1073 4447 qui
1101 4363 1135 4428 iu
1158 4362 1243 4429 vobis
1273 4361 1407 4427 multum

151 4474 220 4562 spei
243 4477 274 4540 et
296 4475 329 4542 in
352 4477 453 4542 vestra
475 4476 626 4560 prestanti
655 4476 768 4542 virtute
793 4477 945 4562 ponimus,
975 4479 1204 4563 utaperiamus
1228 4467 1412 4545 sententiam
