3380 5088
770 319 816 344 -·-
861 289 1016 364 aol-

264 487 392 578 duisqne
414 487 565 560 bellorum
581 491 766 560 tumultibus
781 511 850 561 eam
865 493 982 578 passim
996 491 1141 561 infestam
1156 491 1276 561 habere.
1308 491 1374 576 Quo
1389 488 1516 562 coneilio

264 609 380 676 bellum
402 626 421 674 a
443 607 531 676 nobie
553 608 586 675 in
602 607 738 676 Galliam
760 610 945 676 translatum
961 610 1054 676 inerit
1075 629 1136 677 non
1157 611 1280 696 ignorat
1294 631 1318 678 s.
1334 630 1361 679 v.
1377 612 1409 679 et
1423 630 1516 698 quem

263 725 355 792 iustis
377 724 415 791 de
437 724 537 792 causis
559 724 645 806 moti,
668 744 842 810 quanquam
857 726 952 792 edam
973 746 1001 793 r.
1023 745 1046 792 s.
1069 725 1204 806 monitis,
1220 745 1274 811 pro
1295 726 1427 794 ineunda
1442 745 1516 812 poca

263 860 319 908 nos
342 841 542 926 obsequentes
564 841 712 908 hactenns
742 842 978 926 praebuerimus.
1024 839 1126 923 Quum
1148 859 1218 909 vero
1247 842 1292 908 ita
1315 841 1458 909 acciderit
1478 844 1515 907 ut

263 955 394 1024 dimisse
416 955 573 1023 Massiliae
587 1023 590 1028 ,
602 955 760 1024 obsidione
781 957 929 1024 exercitus
951 959 1055 1024 noster
1085 977 1117 1025 se
1138 958 1221 1024 ultra
1242 958 1338 1043 Alpes
1360 958 1514 1043 receperit

264 1071 374 1140 Gallus
397 1075 501 1140 autem
515 1092 593 1140 nova
615 1071 747 1158 quadam
762 1074 858 1141 veluti
880 1075 912 1140 et
925 1072 1043 1158 insigni
1057 1073 1185 1141 matema
1201 1075 1350 1154 annuns,
1375 1073 1515 1161 (tametsi

263 1188 296 1256 in
318 1191 480 1274 conspectu
509 1207 661 1274 nusquam
690 1190 788 1256 nostri
811 1189 959 1257 exercitus
988 1187 1093 1275 tuerit)
1124 1189 1163 1256 ad
1193 1190 1318 1256 Italiam
1346 1188 1514 1256 vexandam

263 1306 361 1372 denuo
383 1324 543 1390 properare
558 1304 684 1386 dicatur,
707 1325 881 1391 quanquam
897 1325 958 1373 non
980 1305 1156 1372 dubitamus
1179 1324 1202 1372 s.
1219 1324 1247 1371 v.
1263 1305 1414 1373 facturam
1436 1304 1514 1370 nibil

263 1440 282 1488 a
296 1422 436 1507 pristinis
453 1421 517 1487 suis
532 1421 678 1501 consiliis,
702 1439 815 1506 suaque
831 1423 940 1488 natura
956 1421 1105 1488 alienum:
1129 1421 1265 1507 quinimo
1282 1421 1373 1488 solita
1388 1423 1514 1506 paterna

263 1537 412 1604 charitate
440 1556 632 1604 communem
660 1556 726 1604 rem
748 1538 780 1605 et
801 1537 984 1622 dignitatem
1008 1537 1175 1622 Italiaeque
1203 1537 1378 1604 libertatem
1400 1556 1514 1622 nosque

262 1652 345 1740 ipsos
361 1654 577 1738 amplexuram,
599 1653 743 1720 nolumus
765 1654 870 1720 tamen
884 1653 1033 1733 omittere,
1057 1653 1131 1738 quin
1146 1653 1256 1720 adhoc
1274 1653 1375 1738 ipsum
1398 1652 1513 1720 nostris

262 1771 331 1836 tam
353 1769 466 1836 litteris
488 1771 557 1835 tum
579 1769 707 1836 cantens
729 1769 782 1853 qui
804 1769 920 1836 ibidem
942 1788 990 1836 res
1012 1771 1134 1836 nostras
1155 1771 1326 1853 procurant,
1348 1789 1377 1835 v.
1393 1789 1416 1835 s.
1438 1768 1513 1834 bor·

261 1855 397 1952 tdrem
419 1886 670 1969 vehementerque
698 1903 883 1971 rogaremus,
913 1884 1023 1970 quibus
1047 1885 1139 1951 fidem
1161 1884 1306 1961 adbibere
1327 1885 1513 1970 dignabitur.

262 1999 350 2068 Certa
372 2001 452 2067 nihil
471 2019 491 2067 a
513 2001 601 2068 nobis
615 2001 875 2085 praetermittatur
898 2001 977 2087 quod
992 2000 1159 2068 ullomodo
1182 2001 1329 2068 danobis
1351 2020 1406 2085 pro
1428 2019 1513 2067 com·

262 2117 349 2184 muni
371 2120 403 2183 et
417 2136 450 2183 ra
464 2119 496 2184 at
518 2116 722 2201 amplitudine
743 2116 894 2201 expectari
916 2117 1022 2200 possit.
1061 2117 1229 2202 Valeatque
1245 2136 1271 2182 r.
1289 2137 1312 2184 s.
1332 2136 1425 2202 quam
1441 2117 1512 2183 feli·

263 2233 394 2298 cissime.
426 2232 542 2298 Datum
565 2232 598 2298 in
612 2231 722 2315 oppido
744 2233 848 2298 nostro
863 2233 1058 2312 Tordesillas
1081 2232 1130 2298 die
1144 2233 1254 2299 ultimo
1270 2231 1411 2326 Octobris
1433 2251 1514 2299 anno

262 2348 389 2415 Domini
411 2347 541 2414 mdxxiv.
578 2349 755 2433 Regnorum
777 2351 950 2417 nostrorum
965 2349 1097 2415 Romani
1120 2350 1202 2415 serto
1225 2350 1257 2414 et
1273 2348 1412 2415 omnium
1434 2349 1513 2414 alio·

262 2485 331 2531 rum
354 2481 441 2531 nono.

352 2578 477 2646 Oarolm
505 2579 610 2648 dimna
638 2580 758 2647 lavante
787 2579 949 2649 clementia
977 2581 1091 2648 alectus
1112 2580 1321 2647 Romanorum
1349 2579 1516 2664 imperator

264 2715 383 2782 semper
404 2696 564 2782 Angustus
587 2714 623 2762 ac
645 2694 835 2776 Germaniae,
858 2695 1087 2781 Hispaniarum,
1109 2695 1268 2781 utriusque
1290 2694 1413 2762 Siciliae
1435 2694 1513 2762 Hie·

264 2813 397 2880 moelem
418 2815 474 2880 etc.
497 2832 558 2880 ran

852 3075 926 3142 230.

588 3238 672 3299 Dux
695 3239 896 3300 sabaudiae
918 3238 1089 3300 Clementi
1112 3241 1185 3300 vn.

710 3348 797 3434 (Litt.
812 3349 905 3433 princ.
925 3349 964 3416 ΙΙ.
980 3347 1069 3434 830).

755 3463 798 3550 (3.
813 3462 890 3531 Nou.
909 3461 1017 3550 1524).

351 3628 434 3694 Dum
456 3648 480 3694 r.
503 3624 747 3709 archiepiscopus
769 3622 929 3709 capuanus
958 3624 1018 3690 huc
1040 3624 1206 3691 novissime
1233 3625 1386 3691 transiens
1416 3623 1511 3691 michi

261 3745 349 3829 plene
370 3743 551 3828 explicasset
572 3761 600 3808 v.
617 3761 640 3807 a.
656 3741 779 3808 nomine
802 3760 855 3807 sue
869 3740 1032 3826 legationis
1055 3759 1187 3822 canmm,
1210 3742 1297 3825 pater
1318 3741 1396 3808 beot.
1410 3759 1508 3826 qnan-

261 3862 387 3944 tumque
409 3879 433 3926 e.
458 3879 481 3924 s.
503 3859 627 3942 paterne
649 3855 753 3940 cupiat
780 3857 952 3941 principum
982 3855 1197 3924 dissidentium
1226 3855 1345 3922 animos
1375 3855 1414 3922 sd
1435 3875 1509 3923 con·

260 3973 424 4041 ciliandam
447 3993 551 4059 pacem
579 3973 706 4053 allicere
736 3972 854 4039 decrevi
878 3971 986 4053 subito,
1015 3973 1119 4058 utpote
1141 3973 1195 4057 qui
1215 3972 1295 4039 inter
1323 3974 1438 4039 ceteros
1460 3973 1510 4038 bis

259 4090 410 4157 bellorum
433 4090 661 4157 calamitatibus
691 4089 825 4174 agitatos
847 4090 913 4154 tem
936 4089 1116 4156 conveniens
1146 4089 1291 4156 interris
1314 4090 1345 4155 et
1368 4107 1507 4156 necessa-

260 4206 341 4272 rium
355 4205 520 4290 reipublice
533 4205 714 4273 beneficium
727 4205 829 4290 magis
844 4204 982 4289 expetara
1003 4203 1106 4285 debeo,
1129 4205 1230 4271 studia
1245 4223 1362 4291 quoqne
1384 4223 1452 4271 mea
1470 4203 1510 4270 ad

260 4340 324 4388 rem
347 4323 448 4406 ipsam
464 4321 502 4408 [e.
519 4341 542 4387 s.
558 4320 646 4407 duca)
662 4339 785 4406 prorsus
808 4321 934 4388 exibere.
966 4321 1004 4388 In
1018 4321 1118 4388 medio
1141 4321 1232 4401 anim,
1254 4321 1301 4387 ita
1323 4320 1384 4388 dici
1398 4323 1508 4405 potest

259 4437 408 4506 bellorum
430 4435 548 4522 positus
577 4437 640 4504 nisi
662 4437 762 4504 varias
785 4437 882 4504 animi
911 4435 1068 4522 passiones
1091 4457 1159 4504 cum
1187 4437 1356 4524 petrianum
1378 4440 1411 4504 et
1432 4437 1507 4503 sub·
