3380 5088
760 257 1005 333 ——288-

847 493 920 559 217.

628 657 780 718 Carolus
802 658 843 718 v.
866 655 1039 718 Clementi
1059 658 1132 718 v11.

706 766 793 852 (litt.
808 767 903 851 princ.
918 767 959 832 Il
976 767 1065 853 236).

753 883 796 970 (9.
812 882 891 949 Julii
909 881 1017 967 1524).

344 1045 530 1111 Beatissimo
556 1045 643 1129 pater
664 1042 787 1111 domine
816 1044 1074 1111 reverendissime.
1121 1043 1239 1112 Manita
1268 1005 1358 1130 atdne
1380 1045 1508 1112 consilia

256 1161 430 1230 sanctitatis
445 1162 564 1227 rostrae
579 1159 692 1226 amoris
707 1161 739 1225 et
753 1160 979 1226 benevolentiae
988 1161 1086 1244 plana,
1102 1180 1178 1245 quac
1192 1181 1228 1227 or
1243 1161 1378 1228 eiusdem
1395 1161 1507 1228 littoris

256 1278 338 1345 datis
353 1297 418 1344 rrv.
435 1275 484 1342 dio
498 1275 575 1344 Maii
597 1275 795 1360 cognovimus
819 1295 879 1342 non
893 1275 997 1342 minua
1012 1277 1101 1343 nobis
1116 1277 1206 1361 grata
1227 1276 1401 1344 acciderunt
1415 1295 1507 1361 quam

255 1412 292 1460 oa
307 1411 384 1478 quae
399 1393 487 1460 nobis
502 1395 568 1458 tam
591 1392 723 1476 benigne
738 1392 852 1476 largita
869 1393 925 1472 ost,
948 1411 1042 1476 quaro
1058 1391 1230 1478 (fatendum
1245 1395 1294 1460 eat
1308 1392 1404 1479 enim)
1421 1393 1505 1460 ride·

256 1529 326 1576 mus
348 1527 404 1578 nos
418 1509 586 1575 maioribus
601 1507 736 1593 quotidie
758 1507 981 1592 obligationum
997 1509 1127 1575 vmcubs
1150 1528 1224 1594 erga
1238 1509 1338 1594 ipsam
1354 1509 1507 1576 devinciri.

257 1623 408 1706 Quoniam
429 1643 500 1691 voro
521 1643 584 1690 non
605 1625 709 1690 minue
740 1626 845 1692 nonna
867 1625 1015 1692 interesse
1037 1625 1234 1707 arbitramur,
1265 1625 1339 1711 quid
1361 1625 1398 1692 do
1421 1626 1508 1692 nobis

255 1742 412 1808 existimet
433 1741 501 1825 ipsa
522 1743 624 1809 vestu
648 1741 796 1807 sancdtas
818 1760 911 1826 quam
933 1743 970 1806 ut
993 1740 1087 1828 (quod
1109 1760 1207 1826 noque
1221 1741 1385 1808 admodum
1408 1740 1506 1808 credi·

256 1878 326 1925 mue
348 1859 474 1924 naturae
496 1858 619 1923 nostrae
641 1855 789 1943 alienum)
813 1857 912 1924 officio
935 1856 1008 1924 boni
1029 1857 1176 1942 principie
1197 1858 1232 1924 in
1253 1858 1344 1925 robus
1365 1857 1508 1925 omnibus

256 1973 490 2053 satisfaciamus
512 1972 692 2057 pollicemur
714 1973 746 2039 ot
767 1973 864 2039 denuo
887 1975 1007 2040 vestrae
1030 1973 1188 2041 sanctitati
1211 1992 1267 2041 nos
1289 1973 1375 2040 illius
1397 1972 1508 2058 gratiis

251 2091 300 2156 ita
321 2090 445 2157 iuvante
460 2089 577 2174 optimo
599 2089 663 2154 Deo
686 2107 802 2169 usuros,
825 2091 935 2155 utnon
960 2089 1059 2155 solum
1081 2090 1161 2156 nihil
1176 2109 1311 2174 unquam
1333 2110 1369 2156 ar
1384 2108 1419 2156 oo
1434 2107 1507 2173 poe-

255 2207 352 2272 nitere
374 2208 509 2272 vestram
532 2203 727 2271 emetitatem
750 2204 856 2288 possit,
880 2204 933 2271 sod
955 2206 1102 2272 maiorem
1124 2207 1157 2272 in
1181 2205 1246 2272 dios
1261 2206 1449 2290 voluptatem
1473 2224 1508 2271 er

256 2341 311 2388 sua
339 2341 413 2406 orgo
441 2333 497 2388 noo
526 2320 711 2387 liberalitato
741 2320 783 2386 sit
811 2322 996 2406 perceptura
1041 2321 1137 2389 Novit
1166 2323 1231 2406 ipso
1260 2321 1344 2388 idem
1374 2321 1507 2406 optimus

254 2439 348 2517 Deus,
370 2437 523 2522 cogitatus
546 2437 675 2516 nosnos,
698 2436 826 2503 conossia
840 2438 945 2504 nostra
966 2456 1003 2503 oa
1024 2457 1091 2504 osso
1113 2437 1262 2523 precipue,
1285 2438 1320 2503 ut
1334 2456 1429 2522 quom
1450 2456 1506 2521 po-

254 2552 337 2638 pulis
358 2553 504 2638 regimini
525 2554 630 2619 nootm
654 2552 828 2620 commissis
851 2555 919 2619 tum
941 2553 1100 2620 umversao
1119 2553 1306 2622 christianae
1326 2553 1509 2638 reipublicae

255 2669 403 2754 quantum
427 2668 543 2752 optimo
574 2687 693 2752 sempor
722 2669 896 2734 consultum
924 2668 1063 2736 vsbmus.
1108 2670 1209 2754 Atque
1238 2669 1358 2736 utinam
1386 2669 1508 2735 tantm

256 2784 398 2869 consequi
420 2803 578 2868 possamus
600 2785 749 2869 quantum
772 2787 921 2870 optamus.
959 2784 1058 2851 Nemo
1073 2785 1206 2869 profecto
1228 2786 1299 2870 post
1314 2784 1507 2852 mncdbtom

256 2903 392 2968 raabam
403 2919 458 2967 nos
467 2900 568 2967 vincet
577 2900 732 2985 religiono,
748 2901 879 2980 iusticia,
894 2901 1015 2986 pietate,
1025 2900 1194 2986 prudentia
1209 2901 1394 2986 materiaque
1408 2900 1507 2986 parti-

257 3019 314 3083 bus
336 3035 414 3102 quae
428 3036 534 3083 ronam
557 3017 587 3082 st
603 3013 718 3083 Christi
739 3017 866 3084 Domini
887 3016 1018 3094 fidelem,
1041 3036 1077 3084 ac
1091 3017 1278 3086 monitomm
1291 3018 1411 3084 rosnae
1434 3035 1506 3082 ann-

257 3133 374 3201 ctitatis
390 3132 704 3214 observantissimun,
726 3133 894 3219 principem
916 3133 1030 3200 docent.
1076 3133 1166 3199 Faxit
1183 3134 1228 3200 ita
1249 3132 1507 3200 clementissimus

258 3249 350 3328 Deus,
372 3249 541 3316 habeamus
565 3248 760 3315 emetitabm
783 3250 916 3315 vestam
939 3267 1017 3334 quac
1039 3248 1078 3314 ad
1093 3248 1209 3316 multos
1232 3267 1327 3316 annos
1346 3249 1411 3315 suis
1434 3267 1506 3315 san·

259 3365 408 3431 ctissimis
431 3365 567 3432 consiliis
590 3384 646 3432 noo
670 3383 789 3448 sempor
803 3365 927 3449 erigere,
949 3363 1089 3449 betaque
1111 3363 1206 3431 etiam
1229 3367 1333 3432 nostra
1350 3382 1506 3432 common·
1534 3395 1536 3409 ·

257 3481 329 3548 dare
350 3481 456 3566 possit.
479 3481 520 3548 Et
541 3483 643 3549 valeat
656 3501 748 3566 quam
763 3480 948 3548 felicissimo.
971 3480 1088 3548 Datum
1109 3480 1142 3547 in
1160 3480 1285 3547 civitate
1306 3482 1411 3548 nostm
1425 3480 1506 3546 Bur-

258 3597 347 3682 gonsi
370 3596 420 3664 die
442 3616 522 3664 nona
544 3597 624 3664 Julii
646 3617 725 3664 anno
751 3597 877 3665 Domini
900 3597 1066 3664 millesimo
1092 3597 1337 3682 quingentesimo
1359 3597 1507 3684 vigesimo

256 3716 372 3801 quarto.

347 3946 472 4015 Carolus
494 3947 599 4014 dirim
621 3947 741 4016 favento
763 3947 934 4029 clementia
963 3948 1077 4018 electus
1099 3947 1307 4016 Romanorum
1335 3945 1508 4034 imperator,

258 4083 377 4149 semper
413 4066 573 4150 Augrretus
609 4084 644 4131 ac
681 4063 881 4144 Germaniae,
917 4065 1151 4150 Hispaniarum,
1192 4065 1349 4150 utriusque
1387 4063 1507 4132 Siciliae

260 4181 388 4248 Hiorlm.
412 4183 467 4248 etc.
489 4201 549 4249 ror.

1053 4297 1186 4366 Carolus.

1221 4414 1277 4481 Ph.
1300 4413 1417 4481 Nicola.
