3396 5090
701 365 746 378 -
790 331 856 397 ala
901 365 946 379 -

284 521 427 610 Sequitur
435 523 536 592 breuis
545 523 675 610 epistola
689 525 804 609 absque
811 524 902 591 titulo
917 524 956 590 ad
965 524 1114 610 quosdam
1129 524 1225 590 missa
1240 523 1449 612 quiauxiiium

194 641 340 725 petebant
353 639 499 708 adrsms
513 641 627 719 hostes,
641 641 678 706 ut
692 639 819 720 ridetur,
835 639 997 708 ohnebaui
1011 640 1155 720 nominis,
1169 641 1280 727 quibus
1294 639 1450 726 promittit

193 757 329 842 pontifex
344 776 377 824 so
391 757 495 823 oblata
516 757 671 824 occasione
685 775 747 823 nou
769 755 953 824 defuturum
997 757 1114 823 Datum
1129 756 1235 824 eodem
1250 757 1300 825 dio
1314 758 1346 824 st
1360 775 1448 824 anuo.

281 918 419 985 moes
446 917 529 983 asae
551 917 696 1002 sagrus
722 918 756 985 sn
767 876 963 984 Mauso
986 915 1037 984 so
1062 917 1153 984 rasa
1181 915 1218 985 u
1247 919 1322 985 urse
1353 917 1449 985 voces

194 1033 256 1101 ord.
272 1033 378 1101 Praod
394 1033 583 1100 monialium
600 1033 704 1101 -Ut
725 1035 857 1101 Romam
879 1053 950 1100 cum
966 1034 1029 1100 suis
1045 1034 1148 1101 veniat
1162 1031 1321 1101 cuiusdam
1336 1051 1445 1100 mona·

193 1149 280 1216 sterii
301 1149 487 1218 reformandi
507 1167 607 1217 causa.
630 1187 674 1198 —
696 1149 784 1216 mii
807 1148 953 1216 Jauuurii'
970 1149 1101 1217 mdnvi

281 1312 416 1379 Antonio
437 1311 475 1379 do
497 1313 586 1378 Iera.
625 1312 685 1378 Pro
700 1269 916 1378 braama-bino
939 1311 977 1378 de
992 1309 1126 1398 Gapmis,
1148 1312 1202 1398 qui
1223 1311 1448 1398 apossessione

193 1427 352 1494 cuiusdam
380 1427 576 1494 commendas
604 1445 696 1511 prope
718 1427 876 1494 oiutatom
897 1426 1094 1512 Papiensem,
1124 1427 1239 1496 ordinis
1264 1425 1295 1496 S.
1317 1427 1447 1494 Joannis

193 1542 464 1624 Hierosolimitani,
479 1541 591 1610 iniuria
606 1542 720 1610 eiectus
735 1543 842 1609 fuerat
865 1562 930 1610 nn
939 1542 962 1609 J
962 1543 1082 1610 aunarii
1096 1541 1227 1611 mdxxvi
1249 1542 1446 1612 Anuotorcio.

787 1749 860 1816 164.

722 1895 918 1958 caesara

280 2035 446 2103 Carissimo
467 2035 501 2101 iu
523 2033 645 2101 Christo
673 2033 721 2100 fili
749 2033 853 2100 nostor
880 2035 937 2100 oto.
990 2033 1059 2100 atsi
1087 2033 1165 2101 certi
1194 2053 1301 2100 sumus
1329 2033 1447 2102 famam

191 2153 300 2237 ipsam,
322 2169 400 2236 quae
414 2151 567 2217 malarmu
581 2150 741 2236 praecipue
763 2169 865 2217 rorum
880 2150 967 2216 velox
988 2151 1020 2216 et
1042 2149 1155 2216 festina
1169 2151 1226 2229 cst
1248 2168 1373 2235 gravem
1388 2149 1447 2216 trbi

191 2267 338 2334 nuncium
352 2266 390 2334 de
404 2266 547 2352 periculis
562 2265 718 2352 ngariae
740 2266 781 2332 ad
796 2284 908 2350 paucos
923 2265 989 2332 dies
1003 2266 1183 2344 allaturam3
1208 2267 1314 2332 tamen
1336 2265 1445 2333 existi·

192 2383 347 2450 movimus
369 2384 544 2450 nostrarum
565 2381 701 2467 partium
722 2401 799 2462 osse,
828 2400 906 2467 quae
928 2399 963 2448 ox
985 2381 1111 2448 nuuctio
1132 2381 1248 2449 ibidem
1270 2382 1375 2449 nostro
1397 2381 1446 2450 Jo.

191 2499 326 2567 Antonio
341 2499 487 2566 Pulleone
501 2499 620 2565 Barone
635 2497 745 2583 Burgii
767 2497 890 2565 bomine
904 2495 1144 2583 prudentissimo
1158 2500 1191 2565 et
1205 2496 1445 2583 vigilantissimo

191 2615 371 2701 accepimus,
394 2633 430 2682 aa
452 2614 680 2700 quamprimum
703 2617 780 2680 ser.ti
798 2615 870 2680 tuae
885 2612 1067 2698 sanificans,
1089 2614 1193 2680 futura
1214 2614 1270 2680 ilia
1292 2613 1351 2680 tibi
1373 2613 1443 2698 qui·

190 2731 261 2798 dem
283 2731 422 2810 molesta
445 2731 656 2797 verumtamen
677 2729 803 2815 cognitu
817 2729 995 2796 necessaria
1040 2729 1078 2796 In
1093 2729 1144 2795 bis
1161 2729 1245 2796 enim
1259 2729 1446 2809 uulneribus,

191 2865 268 2932 quae
290 2846 423 2914 afflictae
444 2844 612 2913 iandudum
634 2847 667 2912 at
680 2845 800 2913 labanti
814 2844 1036 2912 christianitati
1057 2844 1193 2930 quotidie
1215 2845 1390 2925 afferuntur,
1404 2844 1445 2913 ad

191 2982 242 3030 eos
264 2961 461 3048 potissimum
490 2961 629 3032 ductores
658 2959 894 3047 confugiendum
917 2963 980 3042 ost,
1009 2960 1090 3028 uude
1119 2961 1264 3028 salubris
1293 2961 1445 3030 medicine

190 3080 293 3164 potest
314 3077 473 3163 expectari
518 3078 565 3145 Ac
586 3077 623 3146 de
645 3079 735 3145 rebus
758 3076 882 3163 quidem
911 3077 996 3144 illins
1019 3077 1107 3164 regni
1128 3077 1162 3144 in
1184 3096 1243 3163 qno
1267 3079 1350 3145 statu
1373 3077 1444 3158 siut

191 3213 321 3279 quamve
341 3194 453 3261 misere
474 3195 506 3261 ot
527 3193 648 3262 infirme
671 3212 704 3260 se
726 3194 867 3275 babeant,
890 3193 987 3280 deque
1000 3192 1138 3260 consiliis
1151 3193 1304 3274 'hostium
1333 3193 1444 3279 quibus

190 3310 255 3376 iam
276 3311 308 3377 et
330 3329 384 3395 spe
405 3309 542 3395 ipsorum
557 3311 647 3394 capta
668 3313 760 3395 atque
782 3309 926 3390 confecta
948 3310 981 3376 et
1002 3311 1108 3376 nostra
1121 3328 1214 3396 prope
1236 3308 1445 3395 desperatione

191 3428 378 3511 complorata
401 3425 540 3512 Ungaria
561 3427 617 3506 ost
640 3425 787 3492 iussimus
803 3425 905 3510 capita
926 3425 995 3510 ipsa
1009 3425 1184 3494 litterarum
1205 3425 1337 3494 describi
1351 3427 1383 3492 et
1404 3424 1444 3493 ad

192 3548 296 3610 sorau
320 3543 407 3608 tuam
428 3541 522 3621 mitti,
545 3541 714 3627 exquibus
738 3541 848 3610 seriem
870 3541 966 3608 totius
988 3541 1108 3627 negocii
1129 3559 1333 3626 cognosceres.
1363 3539 1445 3622 Quid

191 3675 261 3726 rero
283 3656 323 3725 ad
345 3657 420 3725 baec
441 3659 529 3724 tanta
550 3659 583 3724 et
604 3659 670 3724 taur
699 3657 807 3724 omrba
836 3658 919 3723 mala
945 3657 1019 3725 ferri
1046 3657 1114 3743 opis
1136 3659 1191 3724 aut
1211 3657 1333 3726 consilii
1354 3657 1442 3725 inre·

191 3773 253 3840 uiri
274 3773 381 3859 possit
410 3776 446 3840 ut
474 3773 625 3859 tantisper
648 3774 759 3840 saltam
780 3773 948 3840 imminens
977 3772 1128 3840 excidium
1150 3773 1316 3853 differatur,
1345 3772 1444 3858 quoad

182 3889 367 3956 consumtis
390 3888 562 3957 desiderata
582 3907 656 3974 pace
678 3887 915 3956 christianitatis
937 3889 1037 3969 rebus,
1059 3888 1172 3974 aliquis
1194 3889 1357 3975 aliquando
1379 3889 1441 3958 rei·

191 4005 329 4090 publicae
350 4007 382 4073 et
410 4023 499 4073 vorce
525 4005 651 4091 piatatis
680 4023 765 4074 amor
792 4003 827 4070 iu
855 4004 1028 4090 principum
1056 4005 1198 4074 cordibus
1227 4007 1260 4074 et
1287 4005 1443 4073 mentibus

190 4121 363 4202 recalescat
385 4123 537 4188 testamr
550 4122 650 4189 Deum
672 4123 705 4188 et
718 4119 887 4188 Dominum
908 4123 1048 4188 nostrum
1070 4141 1126 4190 nos
1148 4122 1229 4189 nihil
1250 4121 1351 4190 adbuc
1363 4122 1444 4209 quod

190 4237 310 4320 placent
331 4239 465 4304 statuere
486 4237 630 4322 potuisse.
669 4235 740 4304 Sive
761 4236 845 4304 enim
860 4236 977 4304 viribus
999 4239 1030 4306 et
1044 4238 1153 4324 opibus
1176 4239 1219 4305 sit
1233 4257 1317 4324 opus,
1339 4239 1443 4306 omnia

191 4351 242 4418 bic
269 4351 393 4418 infirma
415 4353 447 4419 st
469 4353 630 4421 extenuata
659 4355 746 4434 suno,
777 4353 841 4420 siro
863 4353 958 4421 etiam
986 4353 1044 4421 illa
1065 4353 1222 4436 adessent,
1251 4354 1302 4422 rix
1324 4353 1444 4422 ridetur

191 4466 325 4534 brevitas
353 4467 501 4552 temporis
530 4468 624 4536 ullius
646 4469 710 4536 iam
733 4467 860 4536 romedii
888 4487 994 4552 capere
1016 4469 1082 4536 rim
1103 4489 1199 4555 posse.
1245 4469 1283 4536 In
1305 4487 1365 4555 qua
1386 4488 1442 4536 nos
