3396 5090
771 337 1016 404 -212-

263 533 352 600 nobis
381 532 534 618 opinionis
562 533 611 598 esi
639 532 832 615 coneeptum,
862 531 951 617 qussi
979 533 1013 596 tu
1043 531 1083 597 sd
1111 531 1305 598 eommodum
1334 531 1519 617 reipublicae

262 668 372 734 purum
385 668 552 734 pmpensus
576 647 628 728 sis,
650 666 800 732 magnum
814 647 904 714 nobis
918 646 1067 714 indicium
1089 647 1219 714 efferunt
1240 647 1431 715 innocentiae
1445 649 1517 714 tuse

262 767 294 832 et
315 765 449 849 optimae
463 766 497 832 in
513 765 645 831 salutem
659 781 853 829 oommuuem
867 763 960 828 istius
981 762 1070 848 regni
1084 763 1261 843 voluntutis,
1283 763 1321 830 de
1335 782 1397 849 qus
1411 765 1516 829 temen

262 899 317 948 nes
341 899 460 966 semper
481 879 594 948 rectius
622 879 797 947 existimare
824 880 940 946 eeteros
969 879 1040 946 tuoe
1062 879 1191 946 virtutos
1221 881 1392 964 ooegenmt
1438 876 1515 944 Cum

262 998 345 1064 enim
367 997 474 1064 doetus
496 995 552 1077 vir,
575 1015 645 1064 oum
666 994 790 1080 ingenio
812 1014 874 1062 non
895 994 1041 1062 mediocri
1063 993 1227 1078 praeditus,
1250 1013 1320 1062 eum
1342 995 1402 1062 Dei
1423 995 1515 1061 ultis·

262 1112 334 1179 simi
356 1112 495 1180 sacerdos
509 1112 544 1180 in
565 1112 669 1196 umpls
683 1112 836 1198 dignitate
850 1111 1035 1178 eonstitutus
1059 1110 1111 1191 sis,
1133 1130 1195 1177 non
1209 1110 1365 1195 potuimus
1379 1129 1514 1196 unquam

260 1228 350 1296 nobis
371 1247 496 1315 prorsus
518 1227 697 1314 persuadere
711 1229 743 1295 le
765 1227 903 1313 publiees
925 1227 1059 1294 rationes
1074 1225 1255 1311 posteriores
1277 1227 1406 1312 privetis
1427 1245 1514 1292 eom·

261 1343 361 1412 modis
384 1344 506 1422 duoere;
528 1343 561 1409 id
583 1344 666 1411 enim
681 1347 761 1411 uerte
776 1343 938 1430 iudignum
961 1346 992 1410 et
1014 1342 1142 1410 minime
1164 1343 1223 1411 tibi
1240 1361 1410 1428 oongruum
1424 1344 1514 1409 esset

261 1459 321 1528 Sed
343 1480 414 1527 eum
436 1459 571 1546 quotidie
594 1459 716 1546 aliquod
738 1458 884 1545 oppidum
906 1461 1038 1544 coptum,
1068 1460 1204 1545 aliquem
1226 1460 1334 1526 urbem
1356 1458 1514 1538 emissem,

260 1576 397 1668 uliquem
412 1576 531 1644 oledem
545 1594 639 1661 regno
653 1576 709 1642 isti
730 1576 854 1647 illatum
868 1575 1051 1654 audiremus,
1074 1594 1146 1642 eum
1160 1575 1240 1661 quod
1254 1576 1411 1660 proprium
1426 1574 1512 1641 ride·

259 1694 350 1759 betur
365 1711 432 1760 esse
455 1693 487 1758 et
500 1691 622 1758 oonsllii
644 1693 675 1758 et
690 1690 881 1757 sustentetis
897 1692 975 1770 urse
998 1709 1108 1775 pamm
1123 1690 1263 1758 adhiberi
1281 1710 1370 1758 eures
1393 1693 1424 1758 et
1438 1710 1511 1775 pro·

259 1808 411 1874 uidentise
433 1808 483 1873 his
505 1809 553 1873 iot
575 1806 667 1873 melis
689 1806 871 1891 repellendis
892 1806 1143 1892 intelligeremus,
1166 1809 1202 1872 ut
1225 1827 1331 1873 sumus
1355 1806 1464 1873 salutis
1479 1809 1512 1874 et

257 1923 480 1991 incolumitatis
501 1922 647 1990 istiuset
668 1923 750 2008 regis
773 1925 805 1990 et
827 1922 914 2008 regni
937 1923 1152 2002 amantissimi,
1179 1941 1241 1988 non
1263 1897 1377 1989 mirum
1401 1923 1428 1990 si
1450 1923 1510 1988 ali·

258 2041 407 2126 qusntum
436 2057 526 2124 segre
554 2038 692 2118 tulimus,
722 2059 792 2105 eum
821 2057 883 2105 non
911 2039 1121 2124 ignoraremus
1150 2057 1240 2123 posse
1262 2039 1293 2105 ie
1316 2039 1344 2104 si
1372 2039 1511 2105 euimum

258 2156 429 2222 adverteres
451 2155 560 2222 multis
589 2157 679 2222 rebus
701 2153 867 2238 providere.
913 2154 980 2222 Hne
1002 2153 1125 2239 quidem
1154 2173 1211 2220 nos
1234 2154 1408 2221 extimuleti
1437 2173 1509 2220 eura

257 2269 397 2356 quotiens
419 2271 508 2337 nobis
529 2271 647 2336 ooeesio
669 2269 742 2336 dete
764 2271 820 2350 est,
843 2289 920 2355 quse
942 2270 1000 2336 hoo
1020 2269 1146 2335 iubiloei
1168 2288 1247 2338 anno
1271 2269 1389 2351 eoeidit,
1411 2270 1506 2336 etiem

258 2386 389 2453 crebrior
404 2386 556 2452 voluimus
570 2404 661 2452 nosse
675 2388 706 2452 et
721 2385 825 2452 audire
847 2403 925 2471 quoe
939 2386 1021 2454 esset
1035 2387 1192 2453 tantorum
1205 2386 1410 2471 periculorum
1424 2386 1510 2470 origo

257 2506 289 2569 et
311 2521 410 2583 esusu,
440 2502 474 2568 in
495 2521 556 2587 qua
576 2501 775 2587 inquisitione
796 2503 902 2569 nostra
924 2502 962 2568 de
983 2503 1014 2567 te
1036 2501 1242 2586 potissimum,
1273 2503 1403 2588 ingenue
1426 2502 1509 2569 enim

256 2620 422 2703 loquemur,
452 2618 591 2703 querelae
614 2617 711 2684 fsoiee
735 2619 815 2698 sunt,
844 2637 900 2684 neo
922 2619 988 2684 tum
1011 2617 1090 2702 quod
1112 2619 1147 2684 lu
1170 2619 1276 2684 auctor
1298 2637 1397 2696 esses;
1426 2637 1507 2684 nun·

256 2751 349 2818 quem
378 2733 461 2799 enim
483 2733 541 2798 hoo
562 2732 623 2799 fuit
645 2751 664 2797 o
691 2733 780 2799 nobis
803 2733 974 2816 reeeptum3
997 2732 1050 2798 ssd
1072 2733 1152 2818 quod
1175 2751 1245 2799 oum
1267 2734 1368 2800 multe
1396 2733 1509 2800 rectius

255 2848 402 2915 eonstitui
430 2867 483 2934 per
512 2851 543 2915 ie
571 2849 704 2932 possent,
733 2848 914 2934 negligeres.
960 2845 1059 2928 Quare
1089 2849 1118 2914 si
1145 2848 1225 2916 iusto
1254 2851 1287 2917 te
1316 2848 1509 2934 aliquantum

255 2964 473 3044 oeeusorimus,
488 2983 550 3031 non
564 2964 624 3030 finit
638 2963 818 3048 repudiandi
832 2966 864 3030 et
878 2963 1045 3030 demnsndi
1058 2964 1105 3030 lui
1127 2983 1219 3030 eausa
1241 2964 1295 3031 sod
1309 2963 1506 3040 emendendi;

256 3079 284 3146 si
304 3079 425 3161 iniuria,
448 3081 507 3147 erit
528 3079 592 3146 iem
621 3080 763 3164 deineeps
784 3079 963 3166 prudentiss
991 3081 1070 3159 tuse
1101 3099 1162 3146 non
1186 3080 1286 3147 solum
1315 3080 1432 3148 orimen
1453 3079 1507 3146 sed

256 3196 456 3279 suspitionem
478 3197 572 3264 etiem
587 3195 726 3262 oriminis
748 3195 887 3281 effugere,
910 3214 970 3280 que
984 3213 1039 3262 nos
1054 3195 1144 3262 leude
1165 3197 1236 3262 tuse
1254 3196 1379 3262 virtutis
1401 3197 1434 3262 et
1454 3195 1505 3262 in-

254 3311 410 3395 tegritatis
432 3331 493 3380 non
522 3312 626 3379 minus
648 3330 741 3397 quam
764 3313 845 3379 tute
867 3311 932 3395 ipse
954 3311 1092 3396 gavisuri
1115 3330 1236 3389 sumus;
1260 3329 1401 3378 ememus
1423 3309 1507 3378 enim

255 3425 481 3495 iretemitutem
502 3429 589 3495 tuom
604 3427 730 3512 paterno
745 3426 855 3494 affeetu
877 3428 909 3494 ei
922 3427 957 3493 in
971 3428 1060 3492 tuum
1074 3427 1220 3493 honorem
1235 3444 1270 3492 ee
1285 3424 1376 3493 deeus
1392 3425 1507 3512 optimo

253 3541 357 3608 unimo
380 3561 494 3610 sumus.
540 3541 669 3624 Quodsi
691 3542 767 3609 intes
788 3545 843 3608 tua
857 3541 990 3608 effecerit
1011 3541 1044 3608 id
1065 3541 1146 3627 quod
1159 3541 1250 3608 feeile
1264 3542 1374 3626 potest,
1398 3541 1434 3608 ui
1451 3560 1508 3607 sus

254 3655 352 3724 virtus
375 3656 455 3742 apud
484 3676 589 3725 omnes
611 3657 709 3725 nitide
738 3661 770 3725 et
791 3655 923 3723 illustris
945 3657 1098 3742 apparent,
1126 3655 1282 3743 intelliges
1306 3655 1395 3724 nobis
1418 3675 1507 3724 euros

253 3790 335 3838 esse·
350 3771 534 3858 dignitatem
563 3773 829 3840 etauctoritatem
859 3771 986 3858 tuem.¹)
1034 3770 1119 3839 Siout
1147 3773 1180 3839 ei
1208 3792 1279 3840 eum
1308 3771 1420 3840 dilecto
1441 3771 1506 3854 filio

253 3887 414 3954 aneiseo
429 3887 606 3974 Mersupino
627 3887 711 3973 regio
726 3891 852 3969 oratore,
875 3887 928 3974 qui
949 3907 1074 3956 musam
1089 3889 1175 3954 luem
1198 3887 1279 3973 opud
1300 3908 1356 3956 nos
1371 3887 1504 3974 diligen·

253 4002 374 4070 tissime
396 4005 472 4089 egit,
493 4005 587 4072 letius
610 4005 704 4072 locuti
727 4025 832 4073 sumus
855 4007 887 4072 ei
901 4005 942 4071 ad
963 4005 1015 4072 dil.
1038 4005 1115 4072 item
1136 4005 1179 4070 fil
1198 4005 1351 4072 Beronem
1367 4003 1503 4092 (Burgii)

252 4121 398 4186 nundum
420 4123 558 4187 nostram
580 4120 727 4188 iussimus
749 4121 904 4206 perseribi,
934 4120 1045 4205 quibus
1067 4121 1143 4187 fetu
1165 4123 1219 4187 tue
1247 4121 1340 4187 fidem
1371 4119 1504 4187 hebebit

253 4234 371 4302 Datum
392 4235 507 4303 Bomee
530 4236 579 4303 die
601 4233 658 4302 xxi
681 4237 824 4302 Jenuurii
844 4235 975 4302 mdmi.
1018 4237 1112 4303 Anno
1132 4236 1232 4303 terlio.

347 4394 365 4465 ¹)
385 4399 428 4447 l’ro
446 4399 523 4447 verbis
541 4399 693 4458 sequentibus
710 4399 842 4447 hebebatur
856 4401 924 4460 prius
935 4400 961 4446 ln
974 4397 1076 4449 minute:
1095 4397 1180 4456 ,sieut
1190 4412 1240 4448 eum
1255 4399 1340 4448 ddeeto
1352 4397 1401 4448 llio
1414 4399 1504 4447 Burom

252 4495 352 4556 (Bmtll)
369 4497 443 4546 ledus
461 4497 550 4553 erimus
567 4497 606 4545 oul
622 4502 699 4545 meum
716 4498 896 4544 eommunioentl
914 4497 1004 4544 treus·
1022 4499 1065 4544 tue
1082 4495 1150 4546 iidem
1168 4497 1254 4548 hebe‘.
