3396 5090
693 338 938 404 -223-

190 531 272 598 lioali
294 551 383 598 curae
406 533 437 598 st
459 531 637 618 diligentiae
652 533 831 598 necessaria.
878 532 915 598 In
937 550 995 618 quo
1019 531 1155 598 celeriter
1169 531 1231 616 ipsi
1253 531 1442 616 eognosoetis

189 666 282 732 qnam
306 647 348 714 sit
369 647 458 714 nobis
473 647 557 714 eordi
578 648 679 714 omnis
694 650 794 715 vester
816 647 913 714 honos
935 649 966 714 et
982 665 1072 715 omne
1086 647 1308 714 incrementum
1324 649 1443 713 restrae

189 763 390 842 auctoritatis
412 781 490 848 quae
513 764 541 829 si
555 764 658 848 ampla
681 764 712 830 et
726 782 841 848 magna
862 764 945 830 esset
959 764 1081 829 tantum
1104 765 1253 848 quantum
1275 781 1331 828 nos
1346 762 1441 829 relle-

189 897 268 957 mus,
297 878 430 963 profecte
460 881 491 945 et
513 898 583 946 oum
613 877 780 944 christiano
810 878 932 945 nomine
961 880 1092 945 etcum
1122 879 1221 945 salute
1242 877 1443 945 ¹Germanioas

189 995 284 1060 totius
305 994 441 1060 nationis
463 995 574 1060 melius
597 996 746 1080 ageretur.
791 994 911 1060 Dahis
940 994 1155 1061 mandarimus
1183 995 1357 1081 supradicte
1378 994 1441 1061 Ao·

189 1110 288 1176 eursio
310 1113 346 1176 ut
367 1110 491 1177 uberius
513 1109 552 1175 ad
575 1129 629 1176 vos
653 1111 804 1176 scriberet
851 1108 916 1176 Nos
939 1129 1017 1195 quae
1031 1112 1133 1195 partes
1156 1113 1278 1178 noemae
1300 1111 1390 1178 erunt
1411 1113 1443 1177 et

188 1225 396 1310 agnoscendae
418 1227 450 1291 et
479 1225 716 1292 remunerandae
738 1227 857 1292 restrae
879 1225 1007 1292 eximiae
1029 1227 1152 1294 virtutis
1181 1229 1331 1311 quantum
1354 1227 1442 1293 nobis

188 1341 340 1408 Dominus
355 1341 546 1422 oonoesserit
568 1342 649 1409 nihil
663 1341 909 1426 praetermissuri
924 1361 1031 1408 snmus
1046 1361 1143 1428 neque
1164 1342 1197 1409 in
1214 1342 1324 1422 officio,
1345 1361 1442 1428 neque

187 1457 223 1522 in
244 1457 463 1536 benevolentia,
494 1458 574 1524 siout
594 1457 770 1542 propediem
799 1457 886 1524 vobis
909 1458 1070 1524 constabit.
1116 1459 1233 1524 Datum
1254 1458 1370 1526 Romae
1392 1458 1442 1525 die

189 1572 252 1639 viii
275 1571 382 1640 Martii
403 1573 534 1642 minui
579 1576 669 1640 Anno
691 1573 790 1640 tertio.

277 1769 455 1855 Praeposito
477 1771 508 1837 et
538 1769 671 1855 capitulo
694 1768 880 1836 Ohremsnsi
926 1771 985 1836 Pro
1008 1770 1130 1838 andrea
1153 1769 1266 1838 Cunero
1289 1771 1439 1838 Bamber·

188 1885 285 1970 gensi.
330 1886 389 1953 Die
411 1886 449 1952 ix.
473 1883 580 1951 Martii
602 1884 732 1952 mdnvi

278 2080 421 2148 Generali
450 2081 565 2148 ordinis
594 2081 757 2148 Minorem.
802 2081 963 2149 Interdioit
991 2083 1040 2150 illi
1066 2083 1202 2168 pontifex
1230 2084 1269 2149 ad
1298 2083 1442 2151 monam

187 2195 351 2281 pristinam
381 2195 517 2282 redigere
538 2197 805 2283 oongregationem
827 2197 956 2265 Tanaim
978 2197 1095 2266 ordinis
1117 2199 1248 2266 fietnrm
1278 2197 1441 2282 Minorem,

185 2311 303 2379 iamdiu
325 2333 343 2380 a
365 2311 481 2399 reliquo
496 2331 618 2398 oorpore
639 2313 731 2379 iustis
753 2314 791 2381 de
805 2314 923 2381 caussis
945 2333 1000 2399 per
1015 2313 1124 2382 Sedern
1140 2331 1238 2399 apem
1259 2317 1440 2400 separatam.

187 2427 302 2495 Fodem
325 2428 375 2495 die
396 2429 429 2495 et
450 2447 530 2496 anno
552 2430 588 2494 ut
610 2447 710 2514 supra

275 2623 441 2691 drehiduoi
457 2623 636 2710 (lustriae).
652 2661 693 2672 -
712 2625 772 2691 Pro
786 2625 909 2692 Andrea
924 2624 1038 2694 Gonero
1056 2627 1293 2694 controversiam
1309 2625 1440 2696 habente

187 2759 257 2806 oum
285 2741 457 2826 praeposito
486 2742 518 2806 et
546 2739 679 2826 capitulo
708 2741 853 2807 eeclesiae
875 2739 1069 2808 Chremensis
1098 2740 1184 2808 ordi·
1209 2741 1239 2809 S.
1263 2743 1439 2828 Augustini

187 2873 277 2938 super
298 2853 430 2941 quadam
452 2856 596 2940 pensione
619 2875 673 2940 pro
694 2856 853 2923 ooneordia
874 2857 1072 2941 parroohialis
1095 2859 1238 2924 eoelesim
1259 2859 1293 2925 in
1307 2859 1440 2944 Breting

188 2968 452 3056 Saltaeburgeneis
475 2971 612 3038 diensem
657 2973 716 3038 Die
738 2973 771 3040 et
792 2991 872 3039 anno
893 2975 930 3040 nt
951 2992 1050 3059 supra

275 3164 433 3233 Gordinali
446 3167 484 3235 de
500 3165 654 3234 Salviatis.
664 3205 708 3216 —
723 3169 783 3234 Pro
798 3168 1015 3236 annaneane
1029 3169 1067 3236 de
1078 3167 1202 3256 (lapmis
1217 3171 1316 3257 quoad
1338 3172 1438 3238 balia-

186 3281 255 3348 tum
270 3279 320 3348 Sti
341 3279 489 3365 Stephani
503 3283 536 3349 et
549 3284 718 3369 prioratum
734 3281 804 3350 Stre
820 3281 1001 3362 christinae,
1017 3285 1097 3352 eirea
1112 3305 1188 3372 quae
1203 3285 1313 3354 Caesar
1328 3307 1438 3373 quam-

187 3396 261 3464 dnm
282 3398 386 3465 minus
408 3398 525 3465 iustam
546 3399 796 3467 deliberationem
817 3401 964 3484 eoeparat.
987 3437 1032 3448 -
1054 3421 1081 3467 n
1104 3400 1211 3468 Martii
1233 3402 1364 3469 mdnvi

275 3591 424 3660 Mercurio
447 3593 484 3661 de
507 3593 682 3662 Gattinaria
702 3595 828 3683 (magno
851 3594 1197 3683 mnoessamodaesaris)
1214 3596 1310 3666 —de
1332 3599 1438 3667 eadem

185 3727 226 3774 re.
250 3745 293 3755 -
316 3708 437 3776 Eodem·
454 3709 503 3776 die
525 3713 556 3777 et
578 3730 665 3777 anno.

778 3947 851 4014 173.

718 4092 912 4155 Caesari

274 4243 447 4312 (latissime.
492 4247 711 4313 laetissimum
725 4248 871 4315 nunoium
886 4249 971 4334 paeia
985 4252 1017 4316 et
1038 4251 1214 4318 oonoordiae
1228 4251 1309 4319 inter
1332 4259 1436 4320 sertem

183 4363 271 4428 tuam
285 4363 318 4428 et
331 4359 547 4428 ohnrmsimum
569 4361 645 4429 item
658 4363 693 4430 iu
707 4361 828 4432 (tirum
850 4363 952 4431 filiurn
965 4369 1104 4435 nostum
1120 4367 1317 4435 mondoum
1332 4387 1435 4454 regem

184 4475 475 4544 mmmmmimum
499 4477 605 4556 laetae,
635 4499 725 4562 quem
747 4499 783 4546 ex
806 4481 919 4547 litteris
941 4483 1110 4548 multorum
1133 4485 1165 4549 et
1186 4483 1271 4549 fama
1291 4485 1360 4570 ipsa
1381 4503 1434 4552 ao-
