3400 5088
755 347 978 416 ...85-

242 543 384 612 omuibus
407 544 436 610 si
458 542 654 612 sedulitatem
676 546 707 611 et
729 544 875 611 virtutem
898 547 1032 612 vestram
1053 546 1305 630 interposueritis,
1328 564 1364 611 ac
1386 545 1419 612 in
1440 545 1491 612 his

243 679 319 746 qnae
343 661 478 728 uestram
492 662 523 728 61
539 659 626 728 Sedis
649 660 831 746 apostelicae
853 679 1045 727 communem
1068 661 1236 727 utilitatem
1250 660 1492 746 dignitatemque

242 776 399 844 continent
421 777 548 843 solitum
570 780 706 844 veebum
735 795 869 844 amorem
892 778 924 842 et
947 777 1082 843 studium
1105 777 1280 857 adulentis,
1309 796 1370 843 non
1393 777 1493 843 solum

242 911 308 959 rem
330 891 418 959 nubis
440 893 653 978 gratissimam
675 892 728 959 sed
750 894 783 958 ct
805 893 891 959 vebis
913 891 991 977 ipsis
1014 894 1049 958 ut
1071 893 1256 960 arbitramur
1278 892 1491 960 commodissi-

243 1027 327 1073 mam
350 1007 498 1075 efficietis.
542 1008 589 1075 De
617 1008 728 1093 quibus
758 1007 915 1074 vobiscum
942 1009 1036 1075 latius
1065 1009 1148 1075 idem
1176 1009 1335 1094 episeopus
1364 1009 1493 1075 nuncius

243 1124 346 1189 nester
367 1126 470 1190 nostro
492 1124 615 1191 nomine
637 1126 716 1210 aget
732 1125 781 1191 cui
803 1124 956 1190 habebitis
979 1142 1101 1191 onmem
1115 1124 1217 1192 fidem.
1247 1126 1364 1192 Datum
1378 1125 1494 1192 Romae

841 1565 895 1631 60.

661 1755 846 1818 Praefecto
869 1757 1081 1830 Turgovlae.

333 1939 452 2006 Dilecta
474 1937 528 2004 1111.
573 1938 656 2005 Tuae
684 1938 832 2005 bonitatis
855 1939 887 2005 61
908 1955 981 2023 erga
1009 1955 1075 2003 nen.
1106 1935 1232 2002 fratrem
1255 1935 1389 2002 Ennium
1411 1934 1493 2021 spis·

242 2073 351 2140 capum
380 2054 569 2121 Verulanum
598 2053 744 2120 nuncium
773 2054 912 2120 nostrum
941 2051 1142 2137 benignitatis
1171 2050 1283 2117 eximia
1311 2049 1495 2136 significatio

243 2190 336 2256 quam
350 2170 399 2237 illi
420 2169 455 2236 in
469 2170 555 2237 omni
576 2170 631 2236 ubi
644 2169 756 2236 accidit
776 2173 913 2255 tempore
926 2166 1119 2253 praestitisti,
1142 2168 1174 2234 et
1189 2167 1226 2234 de
1240 2186 1301 2251 qua
1322 2167 1493 2234 1116616111-

243 2287 330 2373 plum
351 2287 432 2373 apud
460 2304 516 2354 nos
539 2285 702 2372 perhibuit
731 2285 942 2353 testimonium
971 2284 1108 2352 fecerunt
1134 2285 1171 2350 ut
1198 2283 1257 2351 etsi
1286 2283 1352 2350 sinc
1380 2282 1495 2349 nostris

242 2403 356 2470 litteris
378 2405 410 2470 16
423 2403 457 2470 in
471 2401 578 2470 eedem
592 2420 666 2487 erga
680 2402 783 2487 ipsum
805 2401 980 2487 episcopum
994 2401 1152 2467 voluntate
1166 2417 1342 2485 permanere
1357 2398 1493 2467 credere·

243 2540 329 2598 mus;
357 2518 439 2605 quod
458 2521 563 2587 tamen
592 2519 680 2587 nobis
702 2537 768 2584 rem
796 2519 919 2604 gratem
947 2517 1072 2584 fecisses
1094 2516 1182 2583 nobis
1213 2515 1416 2582 scribentibus
1441 2515 1492 2582 in·

243 2636 381 2722 telligare
404 2638 436 2703 te
450 2635 614 2711 vellemus3
637 2653 706 2714 vare
721 2634 804 2701 enim
827 2634 881 2700 illa
899 2633 1001 2701 omnia
1022 2615 1124 2699 officia
1145 2632 1179 2698 in
1193 2632 1316 2698 tantum
1338 2631 1495 2698 bominem

243 2753 331 2819 nobis
346 2749 501 2837 imprimis
522 2751 647 2836 gratum
663 2751 694 2816 et
708 2751 870 2835 probatum
893 2750 981 2816 nobis
1004 2749 1082 2834 ipsis
1097 2748 1169 2814 data
1184 2747 1279 2814 fuisse
1294 2746 1495 2824 erbibamur3

243 2887 340 2953 neque
361 2867 485 2934 illerum
507 2865 689 2932 memoriam
711 2883 818 2932 sumus
840 2864 999 2932 dimissuri
1027 2865 1253 2950 plurimumque
1275 2883 1311 2930 ex
1333 2863 1378 2930 eis
1399 2863 1493 2930 bene·

243 2983 394 3051 velentiae
417 3002 489 3069 erga
518 2981 660 3049 tenebis
688 2981 830 3049 mustum
851 2999 918 3048 asse
947 2980 1146 3048 affirmamus.
1191 2977 1251 3046 Sed
1272 2997 1343 3045 cum
1365 2978 1495 3046 eundem

243 3119 324 3166 nunc
345 3099 385 3166 ad
399 3097 494 3165 istam
508 3097 711 3165 fortissimam
725 3097 758 3164 et
771 3097 859 3165 nubis
878 3095 1092 3164 charissimam
1107 3095 1317 3164 Helvetiorum
1338 3095 1495 3162 nationem

242 3216 416 3301 episcopum
438 3215 584 3281 nuncium
606 3213 777 3294 mittamus,
799 3213 853 3299 qui
874 3214 906 3280 et
927 3231 1004 3298 quse
1027 3211 1066 3278 ad
1087 3230 1280 3278 communem
1301 3211 1425 3277 illorum
1441 3229 1492 3278 sa-

242 3333 340 3399 lntem
369 3333 461 3417 atque
488 3331 657 3398 utilitatem
678 3331 710 3397 61
738 3347 815 3415 quae
844 3329 884 3394 ad
906 3328 1035 3396 86116166
1058 3326 1146 3396 Sedis
1176 3327 1358 3413 apostolicae
1387 3326 1492 3414 digni·

243 3449 339 3514 tatem
361 3447 515 3532 pertinent
536 3446 639 3513 noaino
662 3464 733 3512 cum
753 3445 819 3512 illis
841 3445 964 3512 nemine
986 3447 1060 3530 agat
1081 3445 1114 3511 et
1135 3441 1346 3524 communicet
1368 3443 1441 3510 licet
1463 3445 1494 3511 16

243 3583 304 3631 ncn
326 3582 414 3649 egere
427 3562 599 3630 hortatione
613 3563 718 3628 nestra
740 3561 779 3629 ad
793 3561 884 3628 illum
899 3559 1105 3628 adiuvandum
1119 3559 1371 3646 dirigendumque
1385 3559 1493 3627 cristi·

243 3699 371 3760 memus,
393 3680 481 3745 tuam
502 3681 608 3745 teman
629 3677 819 3745 devotionem
840 3678 875 3744 in
896 3677 1028 3744 Domine
1050 3676 1208 3742 hortamur
1230 3676 1262 3742 et
1283 3675 1369 3742 enixe
1390 3675 1493 3762 requi·

243 3794 340 3861 rimus
362 3796 399 3861 nt
412 3795 516 3862 nostre
531 3793 626 3862 etiam
648 3793 763 3861 iubritu
777 3795 808 3861 et
826 3792 1080 3891 contemplatione
1102 3791 1238 3860 eiusdem
1253 3791 1400 3858 bonitatis
1422 3793 1493 3858 tuae

244 3911 422 3996 nostraeque
444 3909 531 3978 inte
559 3911 703 3996 paternae
725 3910 951 3978 benevolentiae
979 3907 1122 3976 itandis
1145 3907 1229 3974 siin
1257 3907 1399 3975 omnibus
1429 3907 1493 3974 suis

243 4025 414 4094 sedenibus
445 4023 551 4094 adesse
582 4025 685 4094 favore
716 4025 843 4092 consilio
872 4025 973 4111 gratia
1002 4024 1184 4091 auctoritate
1205 4025 1241 4090 ut
1262 4022 1290 4090 is
1319 4025 1493 4090 nestrorum

243 4141 458 4209 mandatorum
479 4160 591 4208 munus
613 4143 645 4208 te
666 4139 803 4208 adiutus
831 4141 972 4225 perticere
995 4141 1105 4207 melius
1135 4140 1166 4206 et
1188 4139 1357 4224 expeditius
1379 4137 1491 4224 possit3

243 4258 293 4324 cni
314 4260 367 4326 tuo
389 4257 488 4326 6111616
511 4257 668 4326 existimes
690 4257 831 4324 volumus
853 4276 909 4325 nos
938 4255 1011 4323 data
1032 4255 1188 4323 6666616116
1215 4255 1283 4341 pari
1308 4253 1494 4321 liberalitate

243 4375 276 4442 61
305 4373 407 4442 studio
440 4373 658 4441 satisfacturos.
719 4374 835 4440 Datum
863 4373 979 4441 Romae
1008 4372 1056 4440 die
1085 4371 1160 4440 xiiii.
1188 4369 1347 4438 Februarii
1374 4367 1493 4436 mdm.

243 4489 331 4559 Anne
354 4489 492 4560 smundo.
