3396 5090
680 287 926 356 -159-

769 513 841 580 115.

660 677 754 739 Dubl
777 678 948 739 Borbonr.

264 834 325 899 Dii.
348 832 403 902 fili.
448 831 582 900 Litterae
604 834 675 898 tuso
697 832 746 899 die
768 831 806 899 xi.
830 833 861 899 11
882 832 934 898 xii.
963 833 1054 900 huius
1084 833 1182 912 datae,
1204 835 1310 918 gratae
1340 835 1428 903 notis

175 949 323 1018 maiorem
344 949 378 1015 in
400 949 525 1016 modum
548 950 579 1014 ct
600 948 749 1016 iucundae
777 948 916 1026 fuorunt;
939 949 1132 1016 declararunt
1161 948 1244 1018 enim
1267 951 1428 1018 candorem

176 1068 207 1132 et
230 1066 374 1132 virtutem
389 1065 487 1132 animi
501 1062 548 1131 tui
570 1063 607 1130 do
629 1063 718 1130 nobis
733 1083 769 1131 ao
784 1065 874 1130 robus
897 1065 1011 1131 nostris
1027 1065 1240 1133 amantissime
1254 1065 1429 1151 mgitantia

176 1181 256 1268 quod
277 1182 309 1249 ot
330 1184 361 1248 te
384 1199 503 1266 sempor
531 1179 639 1247 facisse
663 1180 786 1260 scimus,
816 1181 847 1246 11
869 1180 902 1246 iu
924 1182 1080 1264 postorum
1102 1180 1255 1248 facturum
1285 1200 1346 1250 non
1368 1178 1427 1248 du-

176 1299 319 1366 bitamus.
364 1298 448 1363 Dum
463 1297 546 1363 onim
569 1315 657 1362 curas
679 1297 714 1362 ut
730 1297 802 1362 nota
824 1296 913 1363 nobis
936 1296 999 1364 s'mt
1021 1298 1053 1361 11
1075 1315 1111 1362 11
1126 1315 1203 1382 quae
1225 1296 1375 1380 accidunt
1397 1300 1436 1376 ot

176 1414 304 1480 consilia
318 1432 389 1479 cum
411 1413 476 1479 illis
499 1413 561 1492 tua,
585 1412 661 1478 eatis
677 1412 768 1496 plane
790 1411 934 1492 ostendis,
957 1430 1049 1495 quam
1064 1431 1137 1498 erga
1159 1431 1215 1480 nos
1237 1414 1320 1498 geris
1339 1414 1427 1485 boui·

179 1507 344 1596 ualentiam
367 1530 405 1595 ab
429 1529 545 1612 optima
568 1546 636 1594 eam
658 1529 690 1594 ot
712 1528 830 1594 sincera
852 1527 1011 1626 procedere
1033 1528 1204 1605 voluntate;
1226 1548 1280 1614 pro
1303 1549 1371 1614 qua
1394 1532 1429 1596 at

178 1647 332 1725 debemus,
355 1645 423 1728 pari
444 1647 524 1712 certe
546 1643 605 1710 tibi
628 1662 729 1710 amoro
752 1647 783 1710 ot
805 1643 906 1710 studio
928 1643 1153 1728 respondemus.
1200 1642 1286 1724 Quod
1309 1645 1427 1712 utinam

177 1762 294 1829 accidat
316 1763 351 1826 ut
373 1781 404 1827 re
427 1759 581 1845 possimus
603 1759 663 1828 tibi
684 1758 844 1826 declarare.
890 1759 956 1826 Nos
978 1761 1010 1826 et
1031 1759 1069 1826 de
1091 1760 1131 1826 iis
1157 1779 1234 1846 quae
1257 1763 1366 1828 scnbis
1389 1762 1428 1828 ad

177 1897 233 1944 nos
256 1877 406 1943 sentimus
428 1875 510 1942 idem
533 1875 613 1960 quod
635 1877 678 1956 tu
702 1877 733 1942 ot
755 1877 790 1942 ut
812 1894 868 1943 noo
890 1875 928 1941 de
944 1875 1076 1962 singulis
1099 1878 1190 1944 rebus
1212 1897 1289 1963 quae
1311 1877 1428 1946 indies

178 1993 316 2060 evenient
338 1992 433 2060 facias
456 1992 598 2058 certiores
620 1991 815 2058 nobilitatem
837 1992 924 2058 trram
946 1991 1034 2078 valdo
1056 1991 1091 2058 in
1107 1991 1239 2064 Domino
1261 1994 1429 2063 hortamur.

178 2107 277 2192 Quam
299 2108 464 2193 presentem
486 2125 575 2173 curae
598 2108 630 2173 ot
651 2106 912 2174 administrationi
934 2125 1035 2174 rerum
1050 2105 1188 2176 Caesaris
1211 2108 1330 2176 inillis
1352 2110 1429 2178 loeis

177 2223 341 2290 admodum
356 2225 557 2308 gratulamur,
581 2223 718 2308 sapiente
732 2222 816 2290 onim
838 2224 869 2288 ot
883 2223 977 2306 probo
993 2225 1106 2289 rectore
1127 2225 1230 2290 omnia
1245 2225 1429 2308 operandum

177 2343 225 2406 est
247 2341 327 2406 recto
343 2341 373 2406 11
395 2339 550 2407 moderate
565 2358 632 2405 esee
654 2339 781 2423 agenda
803 2337 884 2424 quod
899 2340 969 2405 tuae
984 2339 1097 2406 mentis
1114 2339 1235 2406 bonitas
1250 2341 1429 2426 consiliique

176 2455 336 2539 pmdentia
351 2458 382 2522 ot
396 2455 555 2540 pollicetur
570 2457 600 2522 ot
615 2456 787 2538 prestatura
801 2457 857 2521 est.
880 2455 996 2520 Datum
1012 2457 1126 2522 1111111
1142 2457 1197 2523 etc.
1213 2456 1263 2524 dio
1278 2477 1322 2525 m.
1338 2456 1427 2524 iunii

176 2571 294 2639 rndxrv.
339 2571 428 2637 Anno
452 2572 588 2638 secundo.

770 2833 842 2898 116.

707 2995 901 3079 caesara

267 3151 439 3218 Carissimo.
482 3149 561 3220 Cum
577 3125 784 3218 1111111111
800 3159 904 3218 serlon
920 3153 1011 3216 tuam.
1024 3151 1154 3218 dilectus
1170 3151 1253 3220 filius
1268 3153 1430 3237 Philippus

178 3269 461 3336 Villierelisliadam
489 3266 651 3351 hospitalis
681 3265 731 3333 aa·
756 3266 886 3334 Joannis
909 3266 1172 3334 Hiorosclimitani
1193 3268 1350 3352 magistro,
1373 3270 1433 3335 etsi

178 3384 404 3476 confidebamus
426 3403 497 3452 oum
512 3383 571 3450 tibi
593 3384 624 3448 11
647 3401 700 3450 suo
723 3384 754 3449 ot
769 3382 927 3468 roligionis
950 3383 1036 3450 illius
1058 3382 1181 3450 nomine
1196 3383 1258 3451 iore
1274 3402 1430 3450 commen·

179 3501 294 3580 datum,
317 3502 474 3585 propteroa
489 3497 569 3583 quod
583 3500 615 3564 et
637 3499 702 3583 ipso
717 3497 829 3583 dignus
844 3499 892 3564 est
914 3498 1000 3564 cuius
1015 3498 1164 3564 habeatur
1179 3497 1265 3578 ratio,
1287 3519 1323 3565 eo
1338 3501 1447 3578 etiam

180 3617 281 3702 magis
304 3614 383 3701 quod
406 3615 438 3680 in
461 3615 604 3682 maximis
619 3614 770 3698 periculus
785 3632 839 3698 pro
855 3612 970 3680 onusti
985 3613 1045 3679 fido
1067 3615 1204 3680 versatus
1226 3614 1346 3680 utinam
1360 3614 1431 3680 foli-

179 3731 304 3797 citatem
320 3731 427 3796 rirtuti
449 3749 553 3815 parem
569 3732 708 3814 expertus
724 3733 813 3810 osset,
837 3731 869 3795 et
883 3729 1042 3813 religionis
1058 3729 1143 3796 illiue
1159 3730 1258 3795 multa
1273 3731 1304 3795 11
1319 3748 1433 3814 magna

180 3849 285 3913 entant
307 3847 338 3912 in
362 3845 563 3911 christianam
585 3845 805 3929 rempublicam
829 3845 954 3921 morita;
987 3846 1091 3910 tamon
1114 3844 1267 3910 voluimus
1295 3845 1433 3911 accedero

180 3963 474 4028 commandationem
489 3963 626 4027 nostram
648 3980 684 4026 ac
700 3957 804 4027 serlus
827 3961 914 4026 tuam
929 3979 1014 4026 crare
1030 3962 1064 4025 ut
1079 3961 1144 4026 aius
1167 3961 1330 4027 adventum
1347 3963 1434 4046 grato

181 4079 370 4164 bonignoque
392 4079 526 4162 accipere
541 4097 576 4143 ec
591 4095 668 4162 quaa
690 4077 729 4142 ad
745 4075 989 4143 constituendam
1012 4095 1048 4142 ac
1062 4076 1240 4161 erigendam
1254 4077 1433 4162 religionem

181 4193 335 4278 pertinent
357 4213 411 4279 pro
434 4195 487 4261 tua
510 4192 722 4280 magnitudine
745 4193 776 4258 et
798 4191 831 4257 in
846 4192 945 4260 Deum
968 4191 1136 4260 reverentia
1158 4194 1313 4276 praestaro
1331 4194 1433 4260 vallos.

183 4306 364 4394 Quanquam
387 4309 464 4374 alias
494 4311 609 4393 quotu
632 4309 734 4375 animo
757 4309 791 4374 in
812 4308 937 4373 illorum
968 4308 1162 4375 commodum
1191 4327 1275 4377 esses
1298 4309 1356 4374 unu
1379 4309 1433 4376 do·

183 4425 347 4503 claretum,
379 4444 449 4492 cum
480 4425 528 4490 illi
558 4425 699 4509 religioni
731 4425 762 4490 ot
793 4424 905 4489 militie
934 4423 1087 4490 Maltham
1117 4423 1249 4492 insulam
1277 4423 1435 4508 assignare
