3364 5102
787 375 1083 441 -360-‘

874 571 949 639 274.

513 735 712 811 Episcopus
734 735 939 798 colocensis
961 741 1035 812 regi
1057 729 1305 820 Hungarlac.1)

677 845 843 932 (Diversor.
859 848 898 915 ed
913 848 1007 916 (ilem.
1022 849 1063 916 ΙΙ.
1079 848 1146 936 81).

707 961 798 1049 (tium
812 964 874 1032 litt.
890 968 919 1033 9.
935 965 1001 1032 Mai
1017 965 1126 1053 1526).

376 1123 404 1192 1.
421 1121 513 1190 Sacra
528 1123 613 1210 regie
621 1125 780 1204 maiestas
796 1125 868 1194 dnm
884 1147 954 1194 cnm
969 1127 1123 1213 peditibus
1134 1133 1190 1196 0.0Ιί
1201 1129 1261 1195 huc
1275 1127 1460 1214 attigissem
1477 1128 1552 1194 ante

288 1240 364 1308 duas
386 1241 477 1308 horas
500 1242 634 1310 obviavit
663 1243 742 1310 mihi
769 1264 849 1312 unus
872 1245 1046 1314 adolescens
1075 1267 1146 1313 cum
1167 1246 1281 1313 litteris
1310 1245 1431 1312 domini
1457 1245 1553 1310 Pauli

286 1357 395 1444 Rekijt
421 1359 453 1426 et
473 1359 609 1428 Thomas
630 1361 834 1446 Podviimiiay
864 1364 920 1431 sub
943 1365 1042 1430 cestro
1064 1363 1181 1430 domini
1209 1363 1371 1430 Michaelis
1398 1364 1552 1430 Reserew

287 1476 471 1544 Walkowar.
494 1477 624 1546 Interim
639 1479 743 1546 autem
757 1479 870 1548 retinui
885 1480 1108 1548 adolescentem
1122 1500 1276 1566 quousque
1291 1481 1429 1546 castrum
1447 1478 1552 1545 Zaths

286 1593 461 1680 attigissem
483 1595 538 1662 nbi
559 1613 595 1661 ex
617 1596 739 1662 fortuna
761 1595 872 1662 accidit
892 1596 996 1681 ipsum
1018 1596 1177 1665 dominnm
1195 1597 1304 1682 Rakijt
1323 1596 1396 1663 istic
1418 1595 1551 1662 venisse

287 1711 341 1799 qni
363 1731 469 1780 rursus
491 1714 591 1797 preter
614 1712 728 1798 scripta
751 1732 806 1779 sne
820 1713 979 1782 hominem
1001 1714 1110 1780 habuit
1132 1714 1276 1780 aduncis
1298 1712 1464 1780 abeodem
1489 1711 1548 1777 ho-

287 1827 371 1898 mine
393 1829 446 1914 qni
468 1828 587 1914 pridem
609 1849 650 1896 m
666 1850 694 1896 v.
719 1848 802 1897 sacre
824 1830 945 1898 litteras
975 1830 1103 1898 miserat
1125 1830 1186 1898 sibi
1214 1830 1271 1897 tali
1292 1829 1397 1896 modo:
1421 1830 1550 1897 enarro

286 1945 323 2013 fr.
338 1964 412 2032 rogo
434 1946 516 2013 tent
538 1945 577 2012 ad
591 1966 641 2014 me
664 1966 718 2031 pro
733 1947 792 2014 hoc
813 1966 905 2014 causa
927 1967 987 2015 non
1009 1947 1163 2014 immittes
1185 1948 1222 2022 ds
1237 1948 1336 2014 cetero
1358 1945 1432 2032 qnia
1457 1945 1547 2031 quic-

288 2061 361 2146 quid
376 2080 446 2128 0000
469 2060 554 2141 scivi,
577 2062 681 2128 omnia
694 2063 837 2148 rescripsi
858 2064 942 2149 regie
964 2085 1005 2130 m.
1021 2064 1053 2131 et
1075 2061 1231 2132 0010000οἰ
1252 2081 1348 2148 neque
1367 2061 1462 2130 alteri
1479 2079 1546 2128 cre-

289 2176 372 2244 detis
394 2196 461 2244 esse
482 2177 599 2244 factum
616 2179 678 2246 nisi
700 2179 734 2246 in
755 2179 834 2248 festo
848 2180 933 2248 beati
955 2179 1080 2267 Georgii
1102 2179 1240 2246 martiris
1256 2177 1366 2246 Caesar
1389 2198 1423 2244 00
1446 2175 1547 2244 movit
1648 2167 1649 2220 l

289 2293 394 2360 centra
408 2291 581 2378 Ungariam
602 2296 802 2380 personaliter
824 2297 855 2363 et
870 2296 969 2364 eidem
992 2296 1067 2364 dicit
1082 2297 1162 2382 quod
1176 2296 1279 2364 omnia
1292 2295 1379 2380 ligna
1400 2293 1546 2379 pontium
1648 2307 1649 2370 ζ

290 2407 463 2478 etattinen
479 2411 552 2478 sunt
564 2413 726 2497 preparata
739 2413 774 2480 in
788 2412 965 2482 Henderant
980 2414 1011 2481 et
1025 2413 1106 2480 Alba
1127 2412 1190 2479 nisi
1208 2411 1378 2479 conclavari
1392 2409 1546 2496 indigent

381 2522 581 2594 serenissime
608 2527 758 2614 princeps,
787 2530 869 2596 terra
897 2529 959 2596 ista
987 2529 1096 2598 territa
1124 2529 1173 2596 est
1193 2529 1228 2594 in
1255 2529 1378 2594 tentum
1406 2525 1491 2612 quod
1519 2521 1546 2589 si

291 2642 404 2728 quanto
433 2641 525 2710 citius
547 2644 692 2730 gentibus
721 2663 783 2713 non
813 2647 1003 2714 succurretur
1029 2646 1161 2715 nonest
1189 2645 1242 2730 qui
1270 2644 1321 2711 hic
1350 2659 1545 2730 perseverare

291 2757 416 2836 audeat3
438 2759 515 2827 bene
538 2759 597 2827 scit
618 2761 721 2829 restra
750 2763 897 2831 maiestas
921 2779 1007 2830 secra
1029 2764 1151 2848 quantis
1181 2761 1325 2848 gentibus
1347 2759 1494 2827 descendi
1516 2756 1545 2823 ct

293 2873 399 2942 dicunt
420 2875 472 2942 hie
493 2875 546 2960 qui
560 2895 680 2944 mecum
704 2879 776 2945 sunt
798 2879 878 2963 quod
900 2898 961 2948 non
976 2879 1151 2948 debuissem
1173 2877 1353 2947 descendere
1370 2896 1441 2943 curn
1457 2874 1544 2943 00000

291 2991 445 3078 paucitate
467 2991 615 3078 gentium,
638 2993 710 3077 qnia
730 2994 794 3061 in.
818 3047 826 3062 .
850 3047 856 3061 .
879 3015 921 3062 m.
936 3014 964 3062 r.
987 2996 1110 3062 tantum
1132 2995 1271 3062 animum
1294 2993 1468 3080 augmento.

381 3107 522 3177 Preterea
549 3109 784 3194 generosissime
805 3111 935 3192 demine,
956 3111 1072 3178 Paulus
1094 3110 1201 3196 Ralrijt
1230 3111 1383 3196 supplicat
1407 3127 1462 3194 pro
1485 3123 1544 3174 uno

292 3225 357 3292 1000
383 3223 517 3292 consorti
546 3245 600 3294 sne
628 3226 702 3294 liliis
725 3227 757 3293 et
786 3227 856 3294 aliis
880 3227 944 3294 suis
973 3227 1148 3295 domesticis
1176 3247 1280 3294 seeum
1308 3226 1425 3294 eductis
1447 3227 1485 3292 nt
1506 3220 1543 3288 ad

292 3341 395 3426 partes
419 3337 587 3426 superiores
602 3342 726 3410 mittere
747 3343 846 3428 possit
861 3344 896 3409 ut
919 3344 1002 3410 solus
1024 3343 1126 3429 magis
1149 3345 1181 3410 et
1196 3343 1338 3411 solertius
1353 3343 1455 3408 valeat
1470 3359 1541 3407 00οτ

293 3456 398 3525 010000
420 3457 472 3523 hic
493 3476 560 3527 esse
574 3457 609 3525 in
631 3458 765 3526 servitiis
784 3479 825 3524 m.
841 3479 869 3526 r.
892 3459 964 3544 quie
987 3459 1014 3525 si
1036 3479 1089 3544 pre
1104 3459 1246 3527 manibus
1269 3459 1395 3526 haberet
1409 3458 1542 3524 castrum

294 3588 349 3660 per
370 3592 399 3640 v.
414 3594 456 3640 nr.
473 3593 496 3640 s.
521 3574 581 3642 sibi
603 3574 710 3641 datum
732 3575 866 3643 0001110
888 3575 1052 3644 confideret
1066 3577 1237 3644 consortem
1259 3595 1348 3642 susm
1365 3594 1400 3641 ex
1423 3593 1482 3658 quo
1498 3570 1543 3638 est

294 3689 328 3757 in
343 3689 512 3758 confinibus
534 3709 588 3775 pro
611 3710 669 3776 qne
692 3690 795 3776 stege
818 3691 954 3776 supplico
976 3711 1018 3758 rn.
1033 3711 1061 3758 v.
1077 3693 1113 3759 ut
1135 3691 1223 3759 (letan
1244 3693 1329 3758 locus
1345 3691 1468 3776 optatus
1484 3683 1541 3754 sibi

294 3825 349 3892 pro
372 3806 527 3888 conterali,
551 3827 586 3873 en
601 3807 658 3873 hoc
680 3807 763 3873 enim
778 3807 913 3874 maxima
934 3807 1068 3875 fidelitas
1083 3808 1116 3874 in
1139 3808 1322 3874 secernitur
1344 3809 1380 3874 ut
1393 3807 1445 3873 hic
1458 3801 1542 3890 optat

295 3922 367 4007 quis
389 3941 512 3990 consors
535 3941 590 3990 sua
613 3923 661 3991 est
683 3922 827 3990 similiter
848 3922 886 3990 de
908 3925 988 3991 bena
1009 3923 1129 4022 familis
1151 3924 1185 3990 in
1205 3943 1300 4009 regne
1323 3925 1433 3990 Bosne.

384 4037 426 4105 Μ.
442 4059 469 4106 v.
485 4039 624 4106 remittet
645 4039 705 4106 cito
719 4039 902 4107 Miehuelem
917 4039 1044 4126 Rwotht
1058 4041 1129 4125 quia
1145 4040 1260 4107 socium
1278 4059 1368 4106 suum
1382 4037 1539 4105 interiece-

288 4155 367 4222 runt
387 4155 495 4222 rustici
509 4157 541 4223 et
556 4156 649 4224 tinreo
665 4156 744 4241 qnod
766 4175 871 4224 omnes
886 4157 1029 4223 ’10001000
1051 4157 1209 4242 enmgient
1225 4157 1251 4248 si
1273 4156 1334 4222 cito
1348 4174 1409 4223 non
1424 4150 1540 4221 rediret

384 4271 476 4339 010.
500 4290 586 4338 sacra
615 4273 700 4339 nullo
732 4271 822 4339 mode
850 4291 980 4358 regnum
1010 4293 1100 4339 suum
1130 4271 1263 4340 dividere
1292 4270 1454 4357 permittat
1481 4264 1538 4336 nisi

388 4449 407 4514 ¹)
426 4453 553 4515 spemn
565 4451 684 4502 80000010
702 4453 746 4502 har
763 4454 822 4503 duaa
834 4451 965 4504 tolosensis
983 4454 1096 4516 epistole·
1114 4455 1180 4504 misit
1198 4453 1296 4502 Romam
1313 4467 1367 4502 cnm
1384 4452 1473 4501 litteris
1490 4461 1538 4511 pre·

294 4551 353 4612 prlia
370 4550 417 4600 diei
437 4551 462 4601 0.
480 4551 536 4602 ltaii
554 4553 580 4600 et
597 4564 646 4610 000.
668 4553 745 4600 lese.
