3346 5084
665 405 910 473 -na-

161 599 281 666 clausis.
327 598 453 666 Necnon
482 600 513 666 et
541 593 644 666 omnia
667 600 853 668 monasteria
881 601 947 666 tam
969 618 1173 682 monacorum,
1200 620 1351 686 quamque
1380 603 1412 668 et

162 733 357 781 monacarum
381 717 437 781 sub
452 715 517 782 eius
540 715 672 783 dictione
693 715 878 802 degentium,
901 718 992 801 atque
1012 717 1068 783 sub
1091 717 1261 784 monastica
1279 718 1411 784 Domino

162 832 364 899 militantium
394 850 509 902 norma.
555 829 749 899 Conferentos
778 833 836 898 tibi
865 834 986 918 tuisque
1015 833 1237 900 successoribus
1265 821 1412 902 honorem

161 950 237 1033 palii
259 951 292 1015 in
321 949 500 1032 perpetuum
530 967 583 1014 seu
613 967 735 1015 omnem
764 948 971 1033 pontificalem
1001 948 1117 1016 decoris
1146 968 1246 1028 usum,
1277 951 1357 1016 sicut
1378 949 1411 1016 in

162 1065 294 1149 epistola
324 1064 382 1130 tibi
412 1064 595 1130 transmissa
626 1063 813 1131 concedendo
840 1065 1096 1143 confirmavimus,
1125 1067 1290 1133 muniendo
1317 1067 1411 1134 etiam

164 1182 301 1247 sanctam
324 1180 533 1248 &venantem
562 1179 784 1260 ecclesianis
813 1180 941 1266 tuosque
970 1200 1158 1248 successores
1180 1183 1213 1247 in
1234 1184 1436 1268 perpetuum·

163 1297 340 1364 roboramus
354 1314 568 1380 permansuras
583 1313 689 1363 ornnes
705 1296 882 1363 collationes
904 1298 995 1382 atque
1012 1299 1250 1384 conscriptiones
1265 1318 1410 1384 quorum·

163 1413 240 1480 libet
262 1412 422 1480 homiuum
444 1411 478 1478 in
500 1411 606 1478 eadem
629 1411 756 1478 ecclesia
779 1412 875 1478 factas
898 1414 948 1479 vel
969 1413 1123 1481 faciendas
1147 1417 1212 1482 sive
1235 1416 1413 1484 donationes

163 1531 400 1597 christianorum
422 1527 560 1594 fidelium
584 1529 632 1594 rel
654 1547 730 1612 quae
753 1528 797 1612 pii
819 1547 855 1594 ac
876 1529 1014 1614 religiosi
1029 1528 1168 1598 h'ominas
1190 1533 1338 1600 hactenns
1360 1553 1414 1617 per

162 1647 284 1732 eulogia
306 1647 428 1712 tuorum
450 1645 704 1712 testamentorum
727 1645 776 1711 vel
804 1664 858 1729 per
879 1646 1046 1730 quemlibet
1068 1647 1193 1714 modum
1215 1649 1265 1715 uel
1286 1648 1412 1715 titulum

163 1763 197 1828 in
218 1761 324 1829 eodem
354 1762 459 1828 ancta
488 1761 719 1828 Ravennatem
749 1761 919 1845 antiquitus
949 1761 1133 1830 dimiserunt
1161 1764 1288 1831 ecclesia
1310 1765 1359 1834 vel
1381 1765 1414 1831 in

162 1879 301 1945 futurum
324 1877 395 1943 sunt
423 1895 477 1960 pro
507 1874 713 1959 redemptione
742 1876 916 1943 animarum
947 1897 1072 1945 arrarum
1093 1879 1228 1964 tempore
1258 1882 1414 1958 collaturi3

163 1993 339 2060 sanctiendo
361 1993 455 2059 etiam
470 1991 686 2060 confirmamus
709 1993 832 2060 sauctae
847 1994 1018 2061 aavenmti
1040 1995 1183 2063 ecclesiae
1204 1999 1283 2064 sicut
1298 1997 1415 2082 pmmae

163 2113 243 2177 inter
266 2111 379 2176 ceteras
407 2109 529 2175 sauctae
557 2108 649 2174 huius
672 2109 834 2176 Rauenme
863 2110 1006 2177 ecclesiae
1032 2111 1114 2178 filiae
1144 2112 1309 2180 secundum
1340 2133 1413 2180 con·
1536 2139 1539 2144 ·

164 2227 339 2293 stitutionea
354 2223 623 2310 longobardorum
646 2244 753 2309 regum
776 2226 807 2292 et
829 2226 961 2292 aliorum
981 2227 1192 2311 piissimorum
1207 2230 1416 2298 Romanorum

164 2343 383 2427 imperatorum
407 2342 443 2406 ut
468 2341 495 2406 si
519 2340 680 2425 quisquam
712 2341 920 2427 epiecopomm
944 2362 979 2410 er
1004 2345 1230 2412 conservatione
1253 2345 1415 2413 Rauenna-

164 2459 261 2526 tensis
276 2457 456 2542 pontificum
471 2455 566 2523 totius
580 2456 738 2524 Aemaliae
761 2456 932 2539 decesserit
956 2461 1060 2526 nullus
1075 2459 1136 2526 dur
1150 2462 1285 2529 marchio
1309 2480 1418 2543 comes,

165 2576 218 2640 aut
240 2574 352 2658 aliquis
375 2571 517 2649 minister
539 2571 680 2655 publicus
704 2573 839 2657 aliquam
868 2575 914 2639 ibi
936 2575 1146 2658 predationem
1169 2578 1222 2642 aut
1251 2579 1417 2644 contrarie-

164 2691 261 2756 tatem
283 2688 376 2755 faciat
399 2687 451 2754 aad
473 2688 565 2753 liceat
587 2686 821 2772 archiepiscopis
852 2691 974 2756 amotae
996 2690 1185 2758 Ravennatis
1212 2693 1356 2761 ecclesiam
1379 2694 1418 2760 ad

164 2807 266 2890 ipsum
289 2805 497 2890 episcopatum
512 2804 543 2870 ct
565 2803 603 2869 ad
619 2805 720 2890 ipsam
735 2805 895 2873 ecclesiam
918 2806 1084 2874 secundum
1107 2809 1266 2892 andenam
1289 2828 1416 2877 consue-

164 2923 303 2990 tudinem
325 2941 379 3005 pro
395 2918 597 3003 descriptione
619 2919 756 2986 facienda
779 2923 870 3006 atqua
885 2922 1031 2989 electione
1053 2923 1185 2990 missum
1207 2925 1419 2994 transmittare

164 3040 195 3106 et
216 3040 319 3123 ipsum
341 3038 471 3104 electum
495 3054 531 3102 er
552 3050 636 3102 more
654 3037 809 3118 investire,
833 3039 864 3104 ot
885 3038 980 3105 libere
1004 3040 1094 3123 atque
1110 3040 1287 3108 solemniter
1309 3058 1416 3109 conse·

164 3173 255 3232 orara,
279 3153 332 3219 aad
355 3154 386 3218 et
407 3151 491 3218 istud
512 3150 661 3218 censendo
684 3153 755 3218 tuae
778 3152 934 3221 dilectioni
957 3154 1116 3220 canusima
1139 3155 1233 3222 tiator
1255 3157 1286 3222 et
1308 3157 1354 3223 fili
1377 3159 1415 3224 ob
1447 3131 1450 3137 ¹

164 3269 396 3354 peruersitatem
417 3268 536 3334 futurae
558 3268 670 3351 gantis,
693 3269 725 3334 et
739 3269 936 3335 ecclesiarum
959 3269 1178 3337 desolationem
1197 3291 1291 3356 quam
1306 3292 1416 3357 appro-

164 3362 272 3471 priare,
295 3386 326 3452 ot
347 3384 410 3452 fera
432 3384 466 3449 in
488 3381 648 3448 liminibus
677 3403 744 3450 esse
767 3383 913 3466 uidemus,
943 3385 1159 3454 confirmamus
1181 3389 1213 3454 at
1235 3389 1291 3454 sub
1321 3389 1419 3456 divini

163 3501 268 3568 indicii
290 3500 491 3567 obtestatione
514 3499 698 3584 precipimus
727 3502 762 3566 ut
784 3501 862 3567 nulli
884 3520 1019 3587 unquam
1050 3521 1258 3570 successorum
1280 3524 1417 3572 meorum

163 3618 255 3684 liceat
277 3615 315 3682 ad
339 3617 440 3700 ipsum
469 3614 678 3698 episcopatum
700 3633 754 3700 pro
784 3615 987 3701 descriptione
1015 3617 1155 3684 facienda
1179 3620 1244 3686 siva
1273 3621 1419 3687 electione

165 3735 219 3799 aut
240 3732 357 3818 aliquid
380 3732 484 3798 contra
506 3730 756 3798 consuetudinem
779 3733 925 3818 exigendo
948 3753 1039 3800 suum
1053 3735 1191 3820 legatum
1208 3736 1418 3805 transmittere

165 3849 219 3914 aut
233 3868 286 3932 per
301 3847 479 3914 ministrum
494 3847 650 3931 publicum
667 3846 705 3912 ad
721 3848 942 3933 parqunmlibet
957 3867 1118 3932 personam
1133 3850 1234 3935 ipsam
1257 3851 1416 3919 ecclesiam

165 3982 318 4048 occupare,
341 3965 395 4029 aut
417 3962 461 4028 ibi
476 3951 651 4048 episcopum
674 3962 808 4029 indebite
824 3983 1005 4046 consecrare,
1029 3966 1083 4032 aut
1104 3965 1148 4033 ibi
1165 3965 1280 4052 aliquid
1303 3969 1417 4052 absque

164 4081 352 4147 Rar'amatia
382 4078 525 4145 ccclesiae
554 4077 707 4163 pontificis
737 4097 885 4145 consensu
913 4079 1060 4162 ordinare,
1090 4083 1161 4167 quria
1191 4083 1418 4151 abhominabile

164 4198 196 4263 et
224 4195 489 4274 nefandissimum,
521 4195 553 4260 et
574 4193 659 4259 omni
687 4194 792 4261 fraudo
821 4195 1049 4280 dignissimum,
1081 4198 1171 4282 atque
1200 4199 1415 4282 plenissimum

165 4312 259 4378 semel
289 4329 467 4377 concessum
496 4309 629 4377 reuocari
652 4310 757 4376 denuo.
803 4308 1025 4378 Confirmamua
1048 4311 1164 4379 interea
1187 4314 1218 4380 et
1241 4313 1429 4398 corrobora·¹

165 4446 234 4495 mus
257 4445 362 4492 ornnes
386 4425 618 4493 constitutiones
639 4425 673 4492 in
695 4426 802 4493 eadem
824 4427 951 4494 eeclesia
973 4447 992 4494 a
1010 4428 1160 4512 piissimis
1181 4429 1419 4513 imperatoribus

164 4543 270 4624 factas,
293 4545 323 4610 et
338 4543 382 4608 ita
398 4542 587 4609 deceruimus
611 4542 649 4607 ab
665 4541 806 4609 omnibus
822 4542 1025 4610 observandas
1050 4544 1129 4611 sicut
1151 4545 1309 4629 praecepta
1324 4545 1415 4612 huius
