3346 5084
753 411 998 480 -472-

339 605 511 691 Sequuntur
539 609 734 692 transumpta
756 606 897 674 videlicet
925 607 1086 693 privilegia
1115 609 1147 674 et
1168 607 1247 675 eliae
1277 607 1443 692 scripturae
1465 626 1502 675 er

249 722 383 788 archivio
406 724 556 790 extractae
579 725 610 789 66
631 725 887 809 transumptatee:

338 841 539 926 Privilegium
562 840 703 926 Gregorii
725 861 820 926 papae
842 860 1019 908 concessum
1033 840 1268 908 -Ravennatonsi
1289 841 1441 908 ecclesiae.

339 955 505 1042 Gregorius
527 958 685 1042 opiscopus
715 977 820 1025 servus
850 977 1004 1025 servorum
1026 956 1086 1024 Dei
1107 957 1308 1024 dilectissimo
1330 957 1503 1024 Mariniano

249 1074 476 1141 Ravennatensi
499 1074 722 1157 archiepiscopo
745 1074 890 1140 confratri
911 1073 1036 1157 filioque
1049 1073 1230 1139 charissimo
1252 1074 1283 1138 66
1305 1093 1358 1157 per
1380 1075 1450 1139 suni
1469 1075 1504 1139 in

240 1193 388 1256 'sanctem
403 1189 667 1256 Ravennatensem
683 1191 851 1271 ecclesiam,
875 1190 997 1274 suisque
1020 1189 1243 1256 successoribus
1265 1189 1502 1274 inperpetuum,

251 1326 321 1372 6666
344 1307 444 1373 omnis
466 1307 611 1374 ccclesiae
634 1309 807 1372 sanctorum
831 1307 959 1392 abipso
981 1306 1113 1388 domino,
1136 1308 1167 1372 et
1188 1306 1277 1374 boeto
1300 1308 1401 1388 Petro,
1430 1309 1462 1374 66
1484 1327 1504 1372 6

253 1427 358 1491 sancta
380 1425 519 1494 Romane
542 1426 677 1504 66616616,
700 1443 793 1509 quem
818 1426 882 1492 Deo
905 1426 1026 1490 auctore
1048 1422 1213 1508 regendam
1236 1424 1420 1508 suscipimus
1443 1423 1501 1490 du-

250 1542 328 1608 xerit
350 1542 550 1626 principium,
580 1540 708 1628 dignum
731 1544 780 1611 666
801 1544 837 1608 66
858 1561 877 1607 6
900 1541 1123 1609 successoribus
1145 1540 1245 1621 Petri,
1268 1541 1317 1608 cui
1339 1561 1358 1607 6
1379 1541 1504 1610 domino

252 1659 368 1726 dictum
398 1659 548 1730 confirma.
572 1660 683 1726 1666666
712 1660 781 1725 tuos
804 1659 932 1726 16666166
962 1657 1202 1725 confirmationis
1231 1657 1363 1723 66666166
1392 1657 1503 1724 melio-

250 1775 378 1842 rationis
400 1776 472 1843 inde
493 1776 621 1860 recipiat
643 1795 761 1860 semper·
783 1776 983 1861 augmentum
1006 1773 1163 1859 religionis
1192 1773 1271 1839 unde
1294 1774 1427 1858 sumpsit
1448 1794 1502 1841 or-

251 1892 385 1971 66611666
409 1894 591 1978 quapropter
613 1893 775 1978 cognoscat
790 1893 898 1958 devote
919 1891 1053 1957 fidelitas
1075 1889 1213 1956 omnium
1235 1891 1415 1974 populorum
1437 1892 1504 1958 tam

251 2009 439 2093 presentium
461 2029 553 2094 quam
576 2009 748 2076 futurorum
770 2009 850 2094 quod
872 2007 1067 2075 dilectissimi
1089 2006 1146 2073 filii
1169 2005 1267 2072 nostri
1292 2009 1502 2074 6666666116-

252 2125 391 2192 vennatis
415 2126 559 2192 ecclesiae
574 2125 740 2191 Mariniani
762 2124 944 2192 venerabilis
967 2123 1185 2207 archiepiscopi
1200 2123 1408 2207 petitionibus,
1430 2143 1503 2191 nec·

252 2257 313 2306 non
335 2241 366 2305 et
380 2240 590 2324 piissimorum
613 2240 640 2306 d.
662 2243 834 2308 nostrorum
857 2241 997 2306 Mauritii
1019 2241 1051 2306 66
1072 2238 1206 2305 filiorum
1228 2240 1292 2305 eius
1316 2238 1504 2307 iussionibus

253 2357 421 2422 annuentes
443 2356 658 2424 confirmemus
681 2357 785 2422 666616
807 2359 947 2441 precepta
962 2373 1038 2440 queo
1061 2374 1079 2420 a
1101 2354 1162 2440 piis
1185 2355 1421 2439 imperatoribus
1436 2357 1502 2421 Va-

190 2465 194 2472 ’
253 2470 429 2552 1666161666,
451 2472 628 2552 Theodosio,
651 2472 811 2554 Archadio,
834 2475 865 2539 et
882 2472 1015 2539 Honorio
1037 2490 1153 2537 necnon
1168 2470 1353 2552 Justiniano,
1376 2471 1507 2552 liberio,

254 2588 286 2652 66
314 2586 436 2654 domino
465 2589 569 2654 nostro
598 2588 743 2654 Mauritio
772 2588 912 2672 piissimo
942 2587 1069 2655 Caesare
1099 2607 1218 2671 semper
1248 2589 1378 2672 augusto
1407 2587 1508 2653 cidem

255 2704 376 2770 6666666
399 2705 571 2770 Ravennati
593 2705 738 2771 ecclesiae
761 2705 833 2770 sunt
847 2706 937 2785 facte,
960 2706 992 2769 66
1013 2705 1117 2769 66616
1140 2723 1216 2787 quae
1238 2721 1291 2787 per
1306 2701 1411 2770 eadem
1434 2723 1507 2787 pre-

254 2819 341 2904 cepta
364 2818 462 2886 eidem
477 2821 621 2887 ecclesiae
636 2823 708 2886 sunt
730 2821 879 2886 attribute
901 2820 930 2886 66
947 2819 1051 2886 omnia
1073 2820 1235 2904 privilegia
1257 2837 1334 2903 quae
1356 2819 1507 2884 asanctis

253 2934 514 3020 predecessoribus
544 2936 658 3003 nostris
681 2938 844 3002 innocente
866 2935 1043 3003 Innocentio
1073 2937 1105 3001 66
1128 2935 1322 3001 sanctissimo
1344 2935 1452 3013 16666,
1475 2936 1510 3000 66

253 3050 475 3135 gloriosissimo
498 3048 621 3118 Gelasio
644 3051 830 3131 felicissimo,
853 3053 884 3118 et
898 3051 1040 3136 Agebito,
1063 3053 1095 3117 66
1114 3049 1247 3135 Spiritus
1264 3048 1368 3117 Sancti
1390 3051 1509 3116 fervore

253 3167 367 3250 repleto
390 3167 569 3233 beatissimo
591 3167 717 3252 Pelagio
740 3169 777 3234 ob
800 3186 935 3234 amorem
959 3168 1073 3232 summi
1102 3165 1320 3250 omnipotentis
1342 3165 1401 3232 Dei
1431 3183 1507 3231 san-

253 3282 354 3366 ctique
375 3281 580 3367 Apollonieris
603 3283 765 3367 pontilicis,
788 3285 818 3350 66
841 3282 986 3364 martiris,
1009 3283 1209 3349 reverentiam
1232 3282 1330 3349 eidem
1353 3281 1509 3362 ecclesiae,

253 3395 313 3462 tibi
335 3397 456 3482 tuisque
472 3399 695 3466 successoribus
717 3401 750 3465 in
772 3400 951 3484 perpetuum
968 3401 1040 3466 sunt
1062 3399 1142 3480 data,
1165 3400 1197 3464 66
1218 3391 1355 3477 honores,
1379 3398 1410 3464 et
1431 3416 1508 3482 pos-

255 3513 406 3581 sessiones
429 3533 592 3600 omnesque
614 3534 668 3599 per
690 3517 795 3583 eedem
818 3517 977 3600 praecepte
1000 3516 1030 3582 et
1055 3514 1217 3600 privilegia
1238 3513 1372 3580 vidimus
1394 3513 1510 3579 collata

254 3629 286 3694 66
315 3629 501 3710 confirmate,
530 3630 620 3716 idque
649 3631 782 3698 marimo
810 3633 881 3697 tuae
910 3630 1082 3701 dilectionis
1111 3648 1203 3695 66666
1231 3628 1446 3696 confirmantes
1476 3630 1511 3694 66

255 3745 482 3811 corroborantes
509 3746 652 3813 videlicet
680 3747 713 3812 in
738 3747 898 3832 privilegio
923 3745 1112 3813 sanctissimi
1140 3744 1250 3811 166616
1283 3743 1385 3828 primi,
1415 3743 1511 3809 huius

231 3859 438 3942 ,66666611666
461 3861 547 3928 Sedis
570 3863 723 3948 pontificis
745 3865 776 3930 te
798 3865 960 3948 aperiente,
983 3863 1014 3929 ct
1029 3862 1219 3929 monstrante
1241 3860 1409 3944 reperimus
1431 3878 1509 3926 con-

255 3975 460 4042 firmationem
486 3978 713 4045 constitutionis
741 3979 951 4064 piissimorum
980 3979 1198 4062 imperatorum
1229 3978 1284 4044 sub
1315 3977 1511 4042 sacrosancta

255 4091 442 4157 Ravennatis
465 4094 606 4160 ecclesiae
629 4094 743 4161 ditione
765 4095 971 4161 continentem
993 4095 1038 4159 ite
1060 4094 1275 4160 confirmemus
1298 4091 1510 4176 episcopatum

255 4209 350 4275 totius
373 4207 523 4276 Aemiliae
551 4209 721 4294 provintiae
749 4210 909 4276 civitatum
932 4210 1070 4276 omnium
1092 4209 1157 4275 Deo
1184 4208 1365 4275 amabilium
1387 4207 1508 4291 episco-

254 4343 363 4408 porum
378 4325 543 4395 creationes
566 4328 596 4393 et
611 4327 852 4394 consecrationes
866 4325 900 4392 id
915 4327 962 4392 est
978 4324 1145 4405 Sareratec,
1169 4323 1360 4404 Gessenetae,
1375 4323 1508 4390 Forum-

256 4439 369 4524 populi,
385 4441 573 4522 Forumlivii,
588 4443 760 4523 Fauentiae,
780 4443 892 4509 Forum
908 4439 1048 4519 Cornelii,
1068 4441 1231 4521 Bononiae,
1246 4439 1392 4519 Mutinae,
1408 4439 1510 4524 Regii,

255 4555 392 4636 Parmae,
407 4557 588 4638 Placentiae,
606 4557 734 4638 Bririlli,
749 4557 977 4637 Viocbebentie,
996 4556 1162 4638 Adrisntis,
1178 4554 1392 4634 Comeclensis,
1415 4555 1509 4621 lico-
