3364 5102
777 365 1021 441 ——352-

270 563 398 632 tisremo
421 565 457 632 de
473 559 620 633 Marcella
642 567 731 634 ciali
753 569 824 636 xvii.
839 571 871 636 la
886 571 1068 638 contrarmtd
1084 570 1134 637 del
1151 570 1253 658 tempo
1268 591 1306 640 ne
1321 568 1362 640 ha
1376 570 1528 642 costrecto

270 681 393 748 ridurne
415 683 465 748 ala
480 682 601 768 splcgia
624 683 656 749 di
670 686 778 768 questo
800 686 865 752 loco
888 688 920 752 et
941 687 1026 771 quiri
1041 689 1195 772 aspectare
1217 689 1359 775 iltempo
1381 709 1526 775 prospero

269 797 370 866 insino
393 798 436 864 ali
458 818 523 865 rrr.
547 799 603 865 che
632 799 776 866 madama
797 802 828 866 la
850 801 998 870 duchessa
1020 803 1178 871 Dalanzon
1208 805 1307 871 arrivd
1330 807 1383 891 qui
1405 806 1524 872 delibe-

270 916 338 982 rata
360 915 398 981 de
419 933 543 1001 passere
566 916 599 982 in
622 913 745 1001 Spagna
774 936 831 983 con
853 917 905 985 xii.
928 919 1031 1004 galero
1052 919 1107 985 che
1131 920 1361 1005 l'aspeotarano
1383 922 1417 987 in
1439 921 1526 988 detta

271 1031 392 1116 splagia
414 1050 467 1116 per
490 1032 660 1099 sollicetare
682 1032 713 1098 la
736 1051 808 1116 pace
830 1033 878 1099 fra
900 1035 998 1100 nostri
1019 1035 1151 1121 principi
1173 1038 1205 1102 et
1219 1037 1398 1104 liberatione
1421 1037 1470 1104 del
1491 1057 1525 1102 re

270 1150 374 1214 nostro
397 1167 450 1214 suo
476 1148 611 1216 ircdello.
641 1149 682 1214 Et
704 1147 813 1235 perchd
836 1151 988 1217 madonna
1004 1170 1060 1217 sua
1082 1151 1188 1219 madre
1209 1154 1328 1238 elapsa
1350 1172 1400 1219 me
1421 1153 1525 1220 hanno

269 1261 508 1332 instantemente
536 1265 681 1332 ricercato
703 1265 741 1332 de
770 1268 1023 1352 accompagnarla
1045 1286 1102 1334 con
1123 1269 1227 1335 nostre
1256 1269 1359 1355 galero
1381 1269 1482 1337 insino
1506 1288 1525 1335 ο

270 1379 447 1462 Barzalona,
476 1381 521 1446 mi
551 1400 625 1449 sono
653 1380 812 1448 rolontieri
835 1382 939 1450 offerto
968 1383 1053 1464 farlo,
1084 1384 1111 1450 si
1139 1403 1194 1468 per
1222 1385 1349 1451 essermi
1378 1385 1526 1452 ritrcuato

269 1495 322 1580 qui
344 1514 429 1563 corne
451 1517 504 1581 per
525 1516 587 1564 non
615 1497 779 1565 mmchare
809 1497 846 1564 de
877 1489 1071 1584 complacerli
1092 1499 1126 1566 in
1146 1500 1248 1568 officio
1277 1501 1364 1567 tanto
1393 1500 1525 1568 honesto

269 1630 323 1694 per
345 1611 369 1677 il
391 1612 447 1679 che
474 1613 582 1699 hogidi
603 1632 642 1681 ne
670 1613 890 1682 imbarearerno
911 1635 966 1700 per
994 1616 1140 1701 complire
1168 1635 1225 1683 con
1247 1616 1390 1683 l’eurilio
1420 1616 1525 1684 dirim

269 1729 383 1811 quanto
405 1728 505 1812 prima
526 1748 665 1815 porremo
680 1733 785 1798 nostm
800 1731 917 1816 riegrim
940 1730 991 1798 del
1013 1732 1068 1799 che
1090 1732 1136 1799 mi
1157 1731 1278 1817 eparsc
1301 1732 1356 1798 dur
1371 1733 1456 1800 ariso
1472 1733 1524 1799 ala

269 1843 298 1910 b.
314 1863 342 1910 r.
365 1895 373 1910 .
396 1895 404 1910 .
427 1895 434 1910 .
457 1845 621 1932 D'Aiguas
643 1849 759 1915 mortae
782 1847 825 1914 ali
846 1849 947 1915 xxviii
971 1847 1124 1934 d’Agosto
1146 1848 1265 1916 mdxxr.

537 2077 740 2147 Humillimus
763 2099 799 2147 ac
821 2079 1089 2149 obedientissimus
1112 2099 1193 2167 mag.
1213 2081 1306 2166 Hesp.
1330 2080 1525 2148 Hierusalem

825 2197 940 2264 Villers
963 2197 1000 2264 de
1022 2197 1098 2283 Lyle
1119 2197 1229 2264 Adam.

860 2460 934 2527 268.

640 2621 794 2686 Carolus
816 2625 857 2686 v.
880 2623 1053 2685 Clementi
1076 2624 1150 2685 vn.

711 2733 799 2822 (Litt.
813 2735 909 2821 princ.
924 2734 981 2802 IIL
998 2732 1087 2821 353).

756 2849 823 2939 (15.
837 2851 910 2919 Dec.
929 2849 1039 2938 1525).

359 3011 517 3079 Adventus
539 3009 580 3078 ad
601 3030 658 3079 nos
680 3011 837 3079 reverendi
866 3011 967 3079 devoti
990 3029 1113 3098 syncera
1142 3011 1231 3080 nobis
1253 3011 1359 3080 dilecti
1379 3012 1526 3099 magistri

270 3127 386 3196 ordinis
416 3147 439 3196 s.
462 3127 593 3196 loannis
616 3127 888 3215 Hierosolymitani
916 3148 1011 3215 quum
1032 3148 1086 3213 per
1116 3147 1148 3194 se
1170 3129 1259 3196 nobis
1287 3130 1395 3215 gratum
1422 3129 1525 3211 fuerit

270 3246 339 3311 tum
359 3245 526 3330 gratiorem
548 3243 643 3311 etiam
665 3245 697 3312 et
718 3245 927 3314 iucundiorem
942 3263 1011 3311 curn
1034 3245 1170 3312 iecerumt
1184 3245 1305 3312 litterae
1320 3244 1522 3312 beatitudinis

271 3363 397 3442 vesum,
420 3361 469 3429 cui
486 3380 543 3427 nec
555 3361 713 3428 voluntate
734 3379 790 3428 nec
804 3363 909 3429 nostra
923 3361 1108 3428 liberalitate
1132 3360 1293 3428 deluimus.
1323 3363 1365 3428 Et
1379 3361 1525 3446 quoniam

270 3475 352 3542 idern
374 3477 462 3543 nobis
484 3475 651 3544 declararit
672 3476 753 3562 quod
767 3479 799 3544 et
821 3497 844 3545 a.
861 3497 887 3545 r.
911 3495 980 3544 eam
995 3477 1112 3543 scilicet
1133 3476 1268 3542 insulam
1283 3495 1376 3560 quam
1398 3495 1453 3560 pro
1467 3476 1523 3543 illo

271 3591 374 3659 ordine
404 3591 562 3660 colendam
590 3611 834 3660 concesseramus
855 3593 984 3660 minime
1012 3593 1154 3660 idoneam
1176 3592 1281 3674 rideri,
1310 3611 1435 3678 esseque
1463 3592 1524 3660 sibi

270 3709 305 3775 in
319 3708 422 3775 animo
444 3709 539 3776 ffism
554 3709 658 3777 sedem
673 3710 773 3796 magis
796 3712 977 3795 oportunam
992 3709 1143 3794 auspicari
1162 3709 1216 3774 ubi
1231 3709 1343 3775 melius
1358 3708 1524 3775 christiane

271 3825 414 3912 religioni
434 3844 547 3893 navam
568 3844 691 3910 operam
713 3827 841 3910 possint,
871 3828 900 3893 ei
921 3826 1128 3893 libentissime
1156 3825 1335 3903 annrdmus3
1364 3825 1439 3910 quin
1460 3823 1523 3890 imo

271 3943 303 4008 et
316 3941 454 4008 vicissim
468 3943 497 4008 b.
514 3962 541 4008 r.
557 3961 701 4028 rogamus
724 3961 800 4026 quae
822 3942 861 4008 ed
876 3942 968 4009 decus
990 3944 1022 4009 et
1036 3941 1272 4028 amplitudinem
1294 3941 1392 4027 ipsius
1408 3939 1523 4007 ordinis

270 4058 395 4138 sedunt,
418 4058 501 4125 cordi
522 4059 633 4126 habero
648 4059 731 4140 velit,
754 4077 864 4143 eosque
884 4059 918 4125 in
933 4060 1023 4125 rebus
1045 4058 1187 4125 omnibus
1209 4058 1322 4125 habero
1343 4075 1522 4141 quamcom·

271 4175 439 4244 mandatos.
470 4175 586 4243 Datum
601 4176 635 4242 in
652 4174 777 4243 civitate
791 4177 896 4242 nostra
910 4175 1010 4242 Toleti
1031 4174 1080 4242 die
1096 4174 1321 4260 decimaquinta
1335 4173 1524 4242 Decembris.

271 4293 361 4360 Anno
383 4292 510 4360 Domini
530 4293 641 4360 mdxxr
663 4295 719 4362 etc.
754 4335 758 4342 ·
882 4335 886 4344 .

1312 4524 1349 4590 El
1372 4543 1433 4608 roy.
