3396 5090
762 359 1006 427 -156-

848 587 919 654 113.

786 751 983 813 Caesari.

345 903 510 972 Carissimo
524 907 580 972 elo.
627 905 838 992 Superioribus
859 908 967 976 diebus
982 927 1052 976 oum
1067 908 1100 974 'm
1121 927 1157 976 eo
1172 928 1268 994 opere,
1291 911 1381 994 alque
1396 909 1507 990 officio,

255 1020 335 1102 quod
351 1023 526 1107 susceptum
541 1043 560 1091 a
576 1024 663 1091 nobis
679 1025 732 1092 diu
754 1027 825 1093 ante
847 1025 948 1093 fuerat
962 1025 1166 1110 procurandae
1188 1027 1220 1092 et
1235 1024 1405 1092 suadendae
1420 1045 1504 1093 oom-

256 1138 358 1204 munis
382 1140 465 1224 pacis
480 1141 734 1225 perseverandum
757 1160 824 1210 esse
838 1142 1092 1222 existimaremus,
1115 1144 1207 1227 atque
1228 1160 1262 1209 eo
1278 1141 1373 1209 etiam
1396 1142 1506 1226 magis,

255 1254 336 1340 quod
357 1257 475 1342 insigni
496 1257 536 1324 ad
550 1260 581 1324 te
597 1259 628 1324 ot
642 1258 836 1326 memorabili
857 1258 984 1326 victoria
999 1258 1145 1326 divinitas
1168 1257 1277 1339 delata,
1301 1258 1423 1326 sedatae
1442 1259 1506 1325 iam

255 1373 472 1455 contentiones,
502 1375 533 1440 et
563 1373 782 1460 adoptimum
811 1394 847 1442 ao
877 1375 1085 1442 iustissimum
1113 1375 1282 1460 principem
1311 1393 1400 1442 omne
1422 1375 1506 1460 pacis

255 1489 417 1557 arbitrium
447 1490 583 1559 delatum
613 1490 786 1572 videbatur,
816 1492 963 1560 dilectum
992 1491 1091 1560 filium
1116 1493 1256 1558 nostrum
1284 1491 1435 1558 loannem
1465 1511 1504 1558 ss.

256 1606 364 1673 Cosma
387 1607 418 1672 et
440 1607 587 1674 Damiani
608 1607 684 1674 diac.
707 1608 833 1676 coruom
856 1608 894 1676 da
917 1607 1063 1676 Salutatis
1085 1609 1225 1676 nostrum
1249 1608 1413 1676 secundum
1437 1626 1505 1674 car·

254 1742 326 1788 nom
355 1725 512 1808 nepotem,
542 1723 580 1791 de
609 1743 675 1792 von
705 1724 835 1792 bobum
864 1726 1038 1792 nostrorum
1067 1725 1194 1792 oonsilio
1223 1723 1263 1791 ad
1292 1729 1397 1792 sentam
1420 1725 1506 1790 tuam

255 1839 392 1924 legatrm
422 1839 459 1906 de
487 1840 582 1907 latere
612 1840 848 1919 destinavimus3
878 1841 931 1925 qui
959 1840 1056 1908 animi
1083 1841 1182 1908 nostri
1210 1839 1331 1925 penitus
1360 1839 1506 1916 conscius,

255 1957 450 2041 versatusque
472 1956 506 2022 in
528 1956 792 2025 administratione
814 1977 916 2024 rorum
938 1977 1051 2036 aarum,
1074 1957 1195 2043 vigente
1210 1957 1305 2024 etiam
1326 1957 1395 2022 tum
1417 1955 1505 2035 bello,

254 2092 331 2158 quae
352 2073 401 2139 illi
422 2092 553 2158 pernes
575 2073 609 2142 in
628 2073 775 2157 proximis
797 2073 872 2141 locis
887 2074 1062 2142 Placentiae
1084 2075 1115 2142 et
1129 2073 1258 2141 Parmae
1280 2073 1400 2140 trerant
1414 2092 1504 2138 man·

254 2189 353 2270 datae,
376 2189 480 2260 omnia
501 2191 607 2258 nostra
630 2190 758 2258 consilia
787 2191 826 2256 ad
848 2192 879 2258 te
900 2192 1004 2276 posset
1025 2190 1165 2276 perterre.
1211 2188 1363 2270 Quicum
1386 2189 1425 2254 ad
1447 2189 1506 2256 iter

256 2327 288 2374 so
310 2308 439 2391 pararet,
462 2307 602 2392 essetque
615 2325 670 2391 per
684 2305 820 2374 Galliam
842 2307 1040 2392 profecimus,
1063 2307 1107 2374 ibi
1129 2325 1247 2392 quoque
1270 2325 1431 2390 sparsurus
1455 2325 1504 2372 se-

253 2422 338 2490 mina
360 2423 444 2508 pacis
467 2424 499 2490 at
522 2423 699 2490 hortaturus
722 2442 773 2492 aas
788 2423 927 2491 nationes
949 2423 990 2491 ad
1003 2443 1109 2510 pacem
1125 2421 1432 2507 summissionemquo
1447 2421 1505 2488 tibi

252 2541 284 2606 et
305 2540 413 2606 victori
441 2541 473 2607 et
501 2537 624 2606 Caesari
649 2539 879 2624 praestandam,
909 2539 1115 2608 intelleximus
1145 2538 1226 2624 quod
1256 2557 1386 2624 magnac
1414 2538 1502 2606 nobis

253 2656 402 2740 voluptati
416 2656 484 2737 brit,
506 2656 609 2740 ipsum
623 2655 818 2724 carissimum
839 2657 873 2723 in
888 2655 1009 2723 Obristo
1031 2655 1132 2723 filium
1154 2657 1293 2722 nostrum
1307 2655 1503 2722 ancisoum

253 2792 357 2858 regem
379 2771 672 2839 christianissimum
687 2771 726 2838 ad
748 2772 956 2840 tededuotum
978 2773 1025 2838 iri
1071 2768 1137 2853 Quo
1160 2771 1270 2838 nuncio
1285 2790 1405 2856 sperare
1422 2773 1503 2838 certo

253 2889 416 2974 coepimus,
438 2908 506 2956 eam
522 2908 615 2973 quam
637 2890 794 2974 tantopere
818 2909 938 2974 semper
959 2887 1207 2967 desideravimus,
1230 2906 1286 2954 nos
1301 2887 1438 2954 celeriter
1454 2887 1500 2953 vi·

255 3024 341 3072 suros
370 3025 437 3072 esso
459 3023 574 3090 paoem,
603 3005 779 3090 etquidem
801 3004 835 3071 in
857 3005 954 3072 tantis
976 3003 1215 3085 calamitatibus,
1238 3005 1270 3070 ot
1290 3021 1383 3088 prope
1405 3002 1502 3070 ruinis

253 3141 354 3188 rerum
376 3121 528 3200 omnium,
551 3139 628 3205 quas
650 3121 799 3188 afflictam
820 3120 1079 3188 christianitatem
1100 3120 1234 3205 undique
1256 3121 1407 3204 premunt,
1430 3119 1501 3185 uni·

252 3257 322 3304 oum
345 3239 482 3322 superest
504 3235 673 3304 remedium
695 3238 800 3321 optata
821 3255 888 3322 pax,
909 3237 944 3303 in
967 3255 1131 3322 congressu
1153 3237 1256 3302 autem
1280 3235 1380 3302 restro
1402 3235 1500 3319 inspi-

252 3354 339 3420 rante
360 3355 431 3422 tuae
447 3357 524 3422 senii
541 3353 615 3436 Deo,
637 3372 715 3438 quae
729 3351 790 3438 ipsi
811 3355 915 3439 grata,
937 3355 990 3420 tuo
1005 3351 1124 3420 nomini
1137 3352 1302 3419 honorifica
1325 3353 1405 3432 sunt,
1428 3369 1500 3418 con·

253 3469 421 3537 fidebamus
444 3468 593 3537 rationem
616 3467 791 3536 concordias
806 3469 837 3537 et
859 3469 1088 3554 compositionis
1103 3469 1226 3536 omnino
1242 3486 1308 3534 asse
1323 3467 1501 3542 ineundam3

251 3585 376 3670 proinde
398 3604 434 3652 ea
456 3603 510 3670 spe
531 3587 563 3652 et
584 3585 685 3653 letitia
712 3585 844 3666 excitati,
866 3587 986 3653 mabbo
1009 3585 1144 3665 oonsilio,
1168 3583 1376 3668 supradictum
1399 3581 1499 3649 cardi-

252 3703 353 3770 nalem
382 3703 528 3788 legatum,
557 3702 611 3787 qui
638 3701 697 3768 iter
724 3721 779 3786 por
807 3703 922 3770 terram
943 3702 1105 3769 habiturus
1136 3701 1210 3781 erat,
1233 3700 1390 3767 maritima
1412 3699 1500 3766 navi·

252 3819 374 3904 gatione
403 3818 451 3886 uti
478 3817 641 3897 iussimus,
672 3837 732 3903 quo
761 3817 888 3885 celenas
917 3817 998 3884 isbxo
1019 3817 1204 3904 perveniret;
1232 3816 1312 3901 quod
1342 3817 1373 3883 ot
1396 3817 1422 3882 si
1450 3816 1502 3882 his

252 3933 447 4019 paucissimis
468 3933 577 4001 diebus
591 3935 658 4002 erat
679 3933 832 4013 buturum,
855 3935 959 4001 tamen
981 3933 1062 4001 hunc
1077 3932 1273 4000 tabellarium
1295 3951 1366 3999 cum
1388 3931 1501 3999 littaris

251 4069 410 4136 properare
445 4051 518 4118 anto
546 4049 709 4131 iussimus,
740 4051 828 4117 tuam
857 4053 962 4117 serraa
990 4051 1025 4116 in
1057 4049 1189 4116 Domino
1220 4048 1424 4128 obtestantes,
1462 4049 1497 4114 ut

251 4165 371 4251 quando
393 4184 475 4234 nnnc
495 4165 596 4233 omnis
624 4167 683 4234 b'bi
705 4186 724 4233 a
747 4183 867 4234 summo
889 4165 953 4234 Deo
983 4165 1134 4250 permissa
1155 4165 1203 4232 est
1231 4162 1396 4248 placandae
1418 4164 1500 4230 chri-

253 4281 422 4349 stianitatis
444 4283 589 4366 potestas,
611 4282 657 4349 ita
678 4282 725 4349 uti
746 4301 783 4349 ee
805 4281 890 4362 velis,
919 4284 955 4348 ut
976 4282 1031 4347 tua
1052 4280 1169 4367 optima
1190 4282 1221 4348 et
1243 4279 1501 4347 christianissima

253 4417 349 4479 mens,
372 4399 404 4465 et
425 4398 549 4483 publica
570 4397 707 4466 omnium
729 4397 870 4484 gentium
892 4397 1059 4483 expectatio
1081 4399 1112 4465 et
1133 4397 1275 4482 pollicere
1296 4398 1328 4463 et
1348 4397 1502 4481 postrrbm

251 4513 399 4582 videntur.
450 4513 525 4596 Nos,
547 4516 583 4580 ut
604 4515 636 4582 et
657 4513 756 4582 officio
778 4516 882 4582 nostro
905 4513 1139 4596 satisfaciamus,
1166 4515 1197 4581 ot
1218 4511 1381 4599 participes
1405 4512 1500 4580 simus
