3380 5088
764 381 808 392 -
855 345 1009 412 ael-

258 561 386 627 cumqua
409 543 504 625 copiis
526 544 558 608 et
580 540 722 626 presidiis
744 560 794 607 me
816 539 952 606 ancirie
975 540 1119 618 motibus,
1142 539 1195 624 qui
1223 538 1287 605 iam
1309 541 1380 606 ante
1407 539 1510 606 oculos

257 659 342 725 meos
365 659 572 735 obversantur,
596 657 739 734 obiicere;
762 658 819 724 boc
841 675 911 723 vero
929 656 1042 723 auxilie
1057 656 1197 723 nonnihil
1219 675 1269 723 res
1284 655 1423 739 masque
1444 673 1511 722 meo

258 775 426 854 firmentur,
449 792 508 858 quo
522 773 555 840 id
577 773 705 840 liberius
727 773 806 840 mibi
821 791 839 838 a
853 773 971 858 prelato
993 773 1073 841 clero
1089 773 1208 858 exigere
1222 771 1321 850 liceat,
1344 770 1393 838 illi
1407 771 1511 836 autem

258 890 441 974 proripiatur
455 908 547 956 cauea
562 889 722 956 differendi
734 889 827 955 huius
842 889 956 970 auxilii,
972 890 1057 956 velut
1070 890 1134 955 iam
1149 891 1187 956 ob
1202 887 1331 954 Adriani
1352 887 1510 954 decessum

259 1009 392 1074 extincte
416 1005 509 1072 simul
531 1006 639 1091 gratie,
661 1005 860 1074 beatitudinis
876 1025 903 1072 r.
920 1024 1009 1090 opem
1023 1005 1223 1073 invocandam
1239 1004 1311 1070 duri
1326 1023 1418 1089 quam
1433 1003 1512 1070 mibi

259 1123 381 1209 negotio
396 1122 470 1189 adeo
485 1123 654 1189 necessario
669 1124 843 1206 presentem
857 1123 980 1189 omnino
995 1123 1146 1207 polliceor,
1161 1140 1254 1206 qnam
1269 1121 1357 1187 unice
1371 1122 1511 1205 rogatam

260 1259 326 1306 esse
341 1239 434 1306 velim
449 1240 492 1319 ut
514 1238 714 1306 consideratis
728 1239 807 1307 meis
822 1238 1064 1317 necessitatibus,
1087 1237 1230 1323 dignetur
1247 1238 1327 1304 banc
1340 1235 1510 1304 eoncessio-

261 1375 331 1422 nem
354 1355 546 1440 gratamque
561 1355 638 1422 mibi
654 1373 708 1438 per
726 1355 829 1439 ipsum
843 1355 1014 1422 Adriannm
1037 1374 1132 1439 nuper
1146 1354 1260 1423 factem
1276 1355 1374 1418 ratem
1390 1354 1512 1438 gratam

259 1471 371 1538 babere
387 1454 624 1556 confirmareque
639 1489 723 1537 sacro
740 1488 794 1537 sno
809 1470 985 1554 diplomate.
1019 1471 1160 1537 Preterea
1175 1489 1245 1536 curn
1260 1469 1344 1536 idem
1358 1468 1511 1534 Adrianus

261 1587 478 1671 premissorum
500 1587 617 1654 intuitu
638 1587 678 1653 ad
693 1605 856 1671 eorumque
871 1587 1012 1653 effectum
1033 1586 1155 1652 facilius
1171 1585 1392 1670 assequendum
1407 1585 1513 1651 certas

260 1703 469 1789 indulgentias
492 1705 549 1769 snb
572 1703 704 1770 cruciate
733 1702 856 1769 nomine
885 1701 1085 1786 publicandas
1107 1701 1278 1781 indulserit
1308 1719 1385 1784 quas
1407 1702 1513 1766 temen

260 1837 316 1904 ego
339 1819 477 1886 consulto
499 1819 656 1904 divulgare
678 1819 788 1886 distuli
811 1818 905 1884 donoc
927 1818 1132 1886 observabiles
1155 1817 1233 1884 sacri
1247 1816 1359 1901 Jeiunii
1380 1815 1512 1900 quodra-

261 1935 379 2021 genarii
400 1935 465 2001 dies
488 1934 521 2001 in
536 1935 703 2019 propinquo
726 1937 837 2015 essent
860 1935 990 2002 eandem
1003 1934 1223 2001 beatitudinem
1246 1953 1272 1999 v.
1289 1927 1512 2016 implorandam

261 2052 342 2128 duxi,
364 2054 400 2117 ut
420 2051 454 2117 in
476 2051 534 2116 bac
556 2053 642 2136 parte
661 2071 715 2118 sno
734 2052 860 2135 peteme
882 2050 985 2117 lavore
1007 2050 1086 2117 mibi
1110 2051 1288 2135 adspiraret
1334 2047 1421 2115 Certe
1438 2049 1512 2114 bea·

261 2167 360 2234 titudo
382 2188 409 2234 v.
432 2169 524 2234 faciet
545 2168 704 2252 premissis
733 2167 891 2252 imperetis
915 2185 975 2234 non
1005 2168 1104 2234 solnm
1133 2185 1188 2250 pro
1216 2165 1413 2233 defendendis
1436 2164 1514 2231 meis

260 2283 421 2368 provintiis
444 2283 661 2368 propemodum
683 2284 717 2350 in
731 2283 868 2368 ipsomm
890 2283 1027 2350 hostium
1049 2283 1187 2349 fanmbue
1210 2301 1246 2349 ex
1261 2280 1398 2350 Oroatice
1419 2282 1514 2376 latere

261 2400 438 2467 constitutis
460 2400 672 2479 necessariam,
695 2399 749 2466 sed
763 2399 857 2466 etiam
879 2399 1020 2465 universe
1042 2398 1278 2465 christianitatis
1295 2399 1392 2464 salute
1415 2397 1512 2482 pluri·

261 2535 349 2582 mum
377 2515 505 2583 accedet.
552 2515 707 2600 Siquidem
731 2515 768 2582 de
790 2516 840 2582 his
862 2514 1098 2601 propugnaculis
1121 2513 1201 2599 quod
1222 2515 1315 2599 lenge
1336 2513 1441 2580 dextra
1456 2513 1514 2580 Dei

261 2633 387 2706 auertet
410 2631 518 2697 hostili
539 2649 634 2697 manu
657 2631 801 2710 subactis,
824 2633 972 2716 quantum
996 2633 1066 2716 post
1081 2631 1232 2697 malorum
1255 2631 1379 2696 maneat
1401 2630 1515 2695 ceteros

261 2747 358 2832 ipsius
374 2747 610 2814 christianitatis
634 2749 743 2826 status,
765 2746 921 2813 beatitudo
938 2765 965 2813 r.
982 2747 1017 2813 nt
1032 2749 1080 2813 est
1102 2745 1334 2830 incomparabili
1356 2743 1514 2829 sapientia

261 2863 350 2930 facile
373 2863 520 2930 conticere
533 2864 654 2948 poterit
683 2861 783 2943 Quam
799 2859 939 2928 Christus
963 2861 1049 2929 euius
1071 2862 1105 2928 in
1127 2861 1217 2927 terris
1232 2861 1330 2927 ricem
1352 2860 1445 2928 refert
1466 2859 1512 2926 le-

260 2979 351 3046 liccm
374 2979 405 3046 et
426 2979 632 3046 incolumena
653 2979 867 3062 communique
889 2979 947 3045 bac
970 2979 1146 3044 calamitate
1160 2980 1325 3062 utcumque
1347 2975 1513 3044 cervicibus

261 3093 375 3161 nostris
390 3094 567 3161 imminenti
581 3113 758 3162 conservum
773 3094 923 3179 dignetur.
948 3095 1065 3162 Datum
1074 3093 1278 3178 Norimberge
1290 3092 1340 3159 die
1348 3091 1388 3159 ir.
1397 3084 1518 3160 mensis

261 3209 447 3277 Decembris.
492 3211 583 3278 dunc
604 3210 730 3277 Domini
752 3209 887 3276 mclxxiii.

923 3324 975 3394 Si·
993 3327 1030 3392 V.

440 3441 576 3510 Humilis
599 3443 631 3508 ct
652 3443 822 3528 obsequens
843 3441 927 3509 filius
950 3439 1159 3509 Fordinondus
1181 3460 1210 3525 p.
1234 3439 1321 3524 Hisp.
1345 3458 1387 3506 er,
1410 3440 1513 3506 dnetr.

829 3658 832 3664 ’
854 3703 926 3769 ree.

480 3867 729 3928 Ferdlnandus
753 3868 854 3928 arch.
876 3869 999 3928 Austr.
1022 3866 1194 3927 Clementi
1219 3867 1291 3926 vll.

687 3975 775 4060 (litt
797 3975 970 4060 principum
992 3975 1016 4040 L
1040 3975 1085 4062 6).

742 4091 807 4176 (17.
830 4091 902 4164 Dec.
928 4089 1038 4178 1523).

350 4248 551 4318 Smctiesm
579 4268 614 4316 ac
643 4251 709 4316 buo
738 4252 826 4335 pater
853 4249 920 4320 dne.
943 4251 972 4317 d
1003 4251 1249 4318 clementissime.
1304 4251 1381 4317 Post
1409 4249 1513 4316 beatos

260 4365 352 4450 pedes
367 4364 556 4433 deosculatos
571 4365 721 4433 humilem
744 4365 878 4433 comend.
917 4365 1065 4434 Gonrmisi
1087 4367 1184 4434 nobili
1198 4365 1284 4433 fideli
1298 4365 1387 4432 nobis
1402 4363 1513 4432 dilecto

262 4481 322 4548 don
344 4481 435 4547 Petro
458 4479 494 4546 de
517 4479 656 4548 Corduba
677 4480 784 4548 comiti
799 4479 894 4567 Oepre
916 4481 1012 4549 militi
1034 4481 1149 4549 ordinis
1172 4501 1195 4548 s.
1210 4481 1319 4549 Jacobi
1341 4477 1513 4548 comiliario
