3366 5084
216 1114 428 1212 BREVIA
457 1107 531 1209 AD
559 1106 872 1208 PRINCIPES
899 1103 1226 1206 cuuuuurls
1252 1099 1348 1206 VII.

735 1292 844 1352 1524.

704 1465 864 1478 -ιῇ--ῠ

774 1596 801 1659 1.

615 1759 805 1834 Reynaldo
828 1749 959 1840 polest)

251 1912 368 1982 Dileete
390 1913 434 2000 iiij
465 1916 521 1982 ete.
567 1911 667 1980 Grave
688 1913 777 1980 nobis
799 1912 1011 1980 testimonium
1034 1908 1181 1980 dederunt
1208 1908 1316 1980 literae
1338 1911 1409 1982 tuae

29 1995 33 2005 Ι
161 2052 231 2098 eum
254 2032 377 2098 virtutis
400 2033 431 2098 et
453 2031 608 2097 doeuinae
629 2031 701 2096 tune
727 2031 795 2096 tum
817 2048 968 2114 erganes
990 2028 1117 2107 ameris3
1139 2028 1307 2114 inquibus
1329 2029 1410 2116 qued

161 2147 249 2213 noers
266 2147 303 2213 u
317 2147 404 2212 tanea
419 2147 458 2212 au
472 2165 528 2212 nos
544 2145 645 2212 usura
660 2144 811 2230 ugerae
829 2144 1004 2230 grassaris,
1026 2124 1103 2210 raes
1117 2145 1214 2210 amre
1228 2145 1264 2210 ru
1278 2145 1410 2230 queam,

162 2262 216 2327 sed
239 2264 286 2328 est
308 2261 364 2328 hee
378 2261 478 2328 omnis
501 2261 540 2326 ad
555 2261 655 2328 Deum
676 2261 780 2345 ipsum
802 2261 1042 2344 omnipotentem
1058 2259 1215 2326 referenda
1229 2261 1411 2345 gratuleti03

161 2379 189 2442 is
212 2378 295 2443 enim
310 2377 507 2442 inenerrabili
530 2395 584 2442 sua
599 2375 798 2460 benignitate,
821 2394 891 2441 cum
913 2393 975 2441 nen
996 2375 1105 2442 merita
1120 2377 1225 2441 nostra
1241 2375 1313 2463 (que
1328 2377 1414 2444 nulla

163 2492 259 2580 suut),
289 2493 342 2559 sed
371 2495 493 2560 tantum
522 2491 691 2559 bonitatem
721 2510 809 2556 suam
839 2490 1008 2576 respiceret,
1035 2491 1137 2575 magis
1163 2493 1199 2557 ut
1220 2509 1276 2558 nes
1303 2491 1413 2577 dignos

162 2610 283 2690 faceret,
306 2628 399 2694 quam
414 2609 495 2693 queri
508 2608 618 2693 dignos
634 2607 836 2692 cognosceret
860 2625 981 2672 summe
1002 2606 1059 2672 hoa
1081 2607 1193 2674 honere
1207 2627 1274 2674 esse
1291 2609 1415 2675 ornatae

164 2724 272 2804 veluit
294 2723 380 2790 euius
403 2725 489 2790 tante
512 2723 658 2791 beneficio
679 2723 801 2790 utinam
823 2721 906 2806 grati
932 2741 999 2788 esse
1021 2721 1125 2807 aliqua
1146 2741 1182 2790 ex
1203 2725 1290 2808 parte
1311 2725 1413 2810 poesi·

163 2859 244 2921 mus,
266 2840 443 2906 conabimur
465 2839 587 2924 quidem
603 2840 692 2919 eerte,
713 2837 874 2922 maiusque
897 2837 935 2904 ab
958 2838 1012 2904 iuo
1035 2838 1148 2905 denum
1170 2857 1369 2923 agnoscemus
1388 2839 1417 2906 si

164 2956 249 3041 grsti
270 2955 394 3036 erimus,
416 2973 509 3039 quam
532 2955 611 3022 illud
633 2955 735 3040 ipsum
757 2972 812 3039 pre
841 2970 901 3039 quo
922 2954 1024 3038 gratia
1045 2953 1197 3021 debeatur.
1242 2955 1290 3021 De
1311 2957 1417 3022 nestra

165 3090 236 3137 vere
260 3071 410 3156 singulari
431 3071 463 3137 et
484 3071 630 3155 perpetua
651 3089 725 3156 erga
753 3070 960 3136 clarissimum
987 3089 1092 3154 regem
1113 3071 1202 3135 tuum
1224 3070 1256 3136 et
1274 3055 1416 3138 armatam

164 3188 253 3252 illam
281 3187 422 3252 inclitam
451 3186 606 3252 nationem
636 3187 792 3253 voluntate
827 3185 922 3252 sentis
953 3186 988 3250 tu
1022 3185 1151 3270 optime,
1180 3185 1304 3270 magnis
1333 3187 1416 3254 enim

166 3321 286 3385 semper
308 3301 427 3367 meritis
449 3302 613 3386 provocati,
635 3319 697 3368 non
711 3300 855 3367 inferiora
868 3300 933 3367 illis
955 3300 1069 3367 ameris
1091 3300 1190 3367 nestri
1210 3300 1312 3368 studia
1325 3319 1416 3386 prae·

166 3417 313 3496 stitimus‚
336 3435 554 3500 manemusque
577 3417 611 3481 in
627 3417 778 3482 sententie
801 3419 832 3482 et
852 3436 971 3501 semper
985 3415 1238 3500 permanebimus.
1261 3417 1418 3484 Dilectum

166 3549 284 3617 queque
306 3531 406 3597 filium
421 3531 608 3598 Richardum
623 3533 756 3598 Paeeum
777 3532 897 3617 regium
919 3533 1069 3599 oratorem
1087 3550 1149 3598 nen
1171 3532 1270 3598 solum
1291 3534 1418 3617 paterna

165 3667 204 3714 ex
225 3667 260 3714 ee
283 3665 384 3713 amare
400 3647 638 3731 complectimur,
661 3645 741 3732 qued
756 3647 898 3714 omnibus
921 3647 1070 3713 virtutum
1085 3647 1275 3713 emamentis
1289 3648 1418 3716 mirifice

33 3808 35 3819 .
166 3761 304 3848 preditus
327 3764 383 3842 est,
413 3763 467 3828 sed
489 3763 583 3828 etiam
606 3762 686 3847 quod
708 3763 869 3844 cernimus,
899 3782 959 3848 qua
980 3763 1009 3828 is
1036 3762 1206 3848 prudentia,
1236 3783 1294 3848 que
1318 3763 1418 3830 studio

33 3874 37 3973 s
167 3878 251 3964 regis
274 3879 322 3944 sui
343 3877 541 3962 amplitudini
562 3879 594 3944 et
615 3878 706 3946 rebus
721 3877 876 3945 inserviat.
898 3879 1006 3964 Itaque
1023 3895 1101 3964 quae
1115 3880 1220 3946 nestra
1242 3898 1314 3946 eura
1328 3898 1418 3964 prae·

33 4072 38 4083 ,
168 3995 258 4078 eipua
280 3994 311 4058 et
333 4011 408 4059 enus
431 3994 479 4059 est
500 3993 633 4060 menime
658 3994 824 4079 preprium,
850 3994 887 4060 ut
908 3993 1033 4060 afflictis
1056 3991 1300 4062 Christianitatis
1327 3996 1419 4062 rebus

33 4102 38 4163 ἲ
168 4109 363 4175 consulamus
386 4109 450 4176 eius
473 4109 566 4175 officii
581 4110 729 4194 explendi,
752 4111 920 4176 maximam
934 4109 1058 4194 quidem
1079 4110 1111 4176 et
1134 4129 1288 4179 summam
1302 4110 1336 4177 in
1354 4112 1419 4180 Deo

264 4323 282 4393 ¹)
300 4324 403 4376 illustris
420 4327 543 4376 admodum
562 4328 598 4376 vir
617 4328 664 4376 init
681 4327 817 4384 &rualdus
839 4341 880 4378 eeu
896 4328 1040 4386 &einaldus
1058 4327 1114 4376 Polo
1132 4325 1207 4396 (Psoi)
1226 4329 1339 4387 sunnine
1356 4331 1420 4387 regio

170 4428 246 4479 ortus.
264 4423 364 4474 sannae
383 4425 436 4473 Vlll
454 4426 545 4484 angliae
564 4426 613 4484 regi
631 4427 726 4488 miens
745 4427 786 4474 reri
804 4427 859 4487 poet
870 4426 941 4474 huius
958 4427 1103 4486 apostasiam
1121 4427 1151 4474 ab
1169 4427 1220 4487 ipro
1238 4428 1351 4478 aeerrtme
1368 4427 1422 4475 odio

168 4525 273 4582 habitus,
291 4526 403 4581 unquem
422 4524 523 4573 invictus
542 4523 671 4574 catholicae
689 4524 809 4582 religionis
827 4525 943 4573 defenser.

224 4628 325 4674 :pinara
339 4628 446 4666 camnu-
461 4627 508 4672 vu.
1125 4613 1131 4626 “
1243 4616 1261 4682 1
