3400 5088
772 261 994 329 ..96-

259 456 412 524 sountium
435 453 575 523 licentiae
590 456 681 542 atquo
696 457 832 538 arbitrio,
854 457 935 543 quod
949 457 1113 525 consilium
1134 459 1166 524 et
1180 477 1310 527 vacuum
1332 457 1417 526 omni
1434 479 1508 546 pru·

258 573 362 640 dantia
383 574 415 639 et
436 572 525 639 nobis
540 572 734 639 vehementer
755 572 958 658 periculosum
981 573 1105 652 linisset3
1128 593 1200 660 ergo
1222 575 1261 640 ad
1275 576 1332 640 hos
1347 575 1422 641 duos
1437 577 1508 642 tan·

257 709 350 775 quam
373 690 512 773 scopulos
534 688 694 774 fugiendos
716 691 748 755 et
770 688 899 772 petenda
922 706 941 754 a
962 709 1034 774 rege
1055 689 1132 756 fides
1154 692 1186 756 et
1207 689 1308 756 danm
1329 690 1378 756 illi
1400 690 1461 756 lirit
1475 694 1510 758 ut

259 826 299 872 no
318 806 399 872 inter
420 823 476 872 nos
498 803 611 870 iniuria
632 805 697 870 nlla
719 804 903 871 damnumve
923 803 1137 884 intercederet
1160 825 1254 891 quam
1275 807 1355 873 certe
1377 824 1508 874 conven-

257 921 372 988 tionem
395 922 427 986 et
448 919 616 1005 periculum
638 923 670 987 et
691 920 857 986 necessitas
880 939 898 986 a
921 920 1008 987 nobis
1038 921 1165 989 extorsit
1194 923 1225 988 et
1255 921 1328 988 boni
1356 919 1509 1007 pontificis

257 1055 385 1121 persona
407 1054 468 1103 non
498 1036 655 1103 recusarit.
701 1037 744 1102 At
765 1036 858 1102 multi
886 1034 1003 1103 addunt
1032 1035 1161 1104 fortasse
1184 1037 1291 1104 multa.
1338 1036 1398 1104 Sed
1420 1037 1508 1104 nobis

258 1154 370 1220 ventas
393 1154 424 1218 et
439 1152 522 1219 Deus
544 1152 610 1236 ipse
626 1155 698 1218 sunt
721 1152 805 1218 satis.
850 1151 941 1218 Nunc
955 1153 1099 1238 quoniam
1122 1152 1161 1218 ad
1183 1153 1407 1220 fraternitatem
1421 1155 1508 1220 tuam

257 1272 289 1337 et
311 1269 350 1336 ad
372 1285 462 1336 venm
483 1269 610 1336 cauom
632 1268 672 1336 N.
688 1268 862 1354 episcopum
884 1269 1086 1336 tridentinum
1108 1270 1166 1336 hac
1188 1269 1294 1336 eadem
1316 1269 1353 1338 de
1374 1289 1408 1338 re
1431 1270 1508 1337 scri-

258 1387 369 1467 bimus,
398 1386 558 1452 hortamr
580 1384 707 1451 eandem
729 1387 816 1452 tuam
838 1385 922 1453 futen
945 1386 978 1452 in
1000 1386 1132 1452 Domino
1155 1389 1190 1453 ut
1212 1387 1363 1471 suscipere
1385 1404 1509 1452 causam

257 1503 380 1568 nostrae
409 1501 572 1586 dignitatis
604 1503 695 1586 atque
725 1501 758 1568 in
787 1502 929 1569 omnibus
961 1501 1096 1570 sincerae
1128 1502 1241 1569 mentis
1273 1521 1308 1568 ac
1340 1501 1508 1570 voluntatis

258 1617 381 1686 studeas
403 1617 548 1684 adversus
569 1635 679 1702 pravos
701 1617 927 1698 obtrectatores,
950 1618 1003 1702 qui
1028 1617 1140 1706 ubique
1162 1616 1329 1684 dmccrdias
1351 1620 1383 1684 st
1405 1617 1507 1701 suspi-

257 1735 359 1802 ciones
382 1733 533 1802 seminare
556 1731 757 1812 contendunt;
781 1734 809 1800 si
829 1735 935 1801 tamen
948 1733 982 1800 id
1003 1735 1035 1801 te
1056 1736 1137 1802 recte
1159 1735 1191 1802 et
1208 1752 1277 1801 vore
1299 1735 1398 1802 facere
1419 1751 1508 1819 posse

257 1853 356 1936 putas.
401 1850 467 1917 Nos
489 1849 573 1916 enim
602 1870 673 1916 cum
694 1849 754 1916 tibi
780 1851 866 1935 large
888 1853 921 1918 et
941 1852 1116 1918 constanter
1144 1851 1181 1919 de
1203 1849 1320 1936 optima
1348 1851 1454 1919 nostra
1475 1850 1508 1915 in

260 1965 422 2034 Caesarem
444 1966 476 2033 et
490 1965 691 2032 christianam
706 1967 934 2051 rempublicam·
947 1969 979 2034 et
994 1967 1130 2035 studium
1144 1966 1229 2053 pacis
1243 1967 1400 2034 voluntate
1422 1985 1507 2032 asse-

257 2083 352 2164 rendi,
375 2082 550 2148 affirmandi
571 2084 603 2149 et
624 2081 824 2166 promittendi
846 2085 984 2150 auctores
1007 2103 1122 2166 sumus,
1150 2085 1220 2152 tnm
1241 2084 1421 2169 pollicemur
1443 2081 1507 2148 fra-

158 2231 159 2234 *
257 2198 395 2265 tenuitati
417 2201 488 2264 tuae
510 2215 566 2264 nos
580 2198 638 2264 hoc
659 2200 749 2264 tuum
769 2199 905 2266 officium
919 2200 1074 2286 imprimis
1096 2200 1310 2284 gratissimum
1332 2218 1398 2266 csse
1415 2199 1507 2264 habi·

256 2316 350 2395 turos,
373 2314 453 2381 sicut
474 2333 545 2380 cnm
566 2313 673 2380 eadem
687 2313 787 2380 dictus
810 2315 1006 2383 Hieronimus
1028 2316 1173 2382 Berarins
1191 2316 1375 2383 camerarius
1396 2316 1508 2393 noster,

257 2433 361 2498 nostro
383 2429 505 2497 nomine
520 2433 601 2516 aget,
623 2430 672 2496 cni
694 2429 786 2496 fidem
801 2432 934 2498 habebit.
971 2433 1087 2499 Datum
1102 2433 1218 2500 Romae
1233 2433 1289 2500 ete.
1311 2432 1360 2498 die
1374 2431 1432 2498 mi
1447 2431 1507 2497 nc-

257 2546 371 2612 bruerii
394 2545 512 2613 mdxxv.

347 2687 455 2756 Simile
475 2688 623 2776 Episcopo
646 2689 831 2759 Tridentino.

820 2803 944 2893 (lionis).

506 2924 594 2988 Anno
617 2921 747 2988 secundo
769 2921 887 2988 mdrxs.
931 2919 1073 2988 Januarii
1096 2924 1167 3007 (sic)
1192 2922 1249 2988 xxi

605 3037 752 3122 Qiscopo
774 3037 949 3104 Brixineusi
970 3035 1158 3105 Sebastiano.

643 3151 751 3219 Simile
772 3153 911 3238 episcopo
933 3151 1120 3222 Tridentino.

857 3387 909 3454 66.

292 3551 430 3614 Dilecto
453 3553 525 3613 tillo
548 3553 680 3614 loanni
703 3551 750 3612 de
771 3552 918 3612 Medlcls
941 3557 1068 3613 nostro
1092 3551 1292 3612 secundum
1316 3563 1463 3612 carnem

743 3670 1021 3742 consanguineo.

343 3823 463 3890 Dilecto
484 3821 608 3890 tilieto.
653 3821 815 3889 Deluimus
859 3821 996 3908 graviter
1017 3821 1075 3888 hoc
1095 3841 1168 3889 casu
1190 3840 1249 3907 quo
1271 3840 1305 3888 es
1326 3841 1363 3887 ex
1384 3819 1507 3887 insidiis

254 3939 378 4007 uulnere
399 3937 534 4018 affectus,
556 3939 588 4004 et
601 3956 656 4022 pro
678 3938 783 4005 nostra
796 3939 924 4021 paterna
945 3937 980 4004 in
1000 3939 1032 4004 te
1046 3938 1256 4005 benevolentia
1277 3955 1381 4004 curam
1397 3936 1507 4002 salutis

254 4055 326 4121 tuae
356 4053 523 4120 maximam
554 4042 694 4140 gerentes
726 4053 869 4120 misimus
899 4053 1005 4121 dillu
1034 4053 1083 4121 Jo.
1113 4054 1310 4122 manciacum
1339 4052 1506 4138 Nigrinum

254 4169 455 4240 camerarium
476 4170 616 4236 nostrum
638 4169 691 4254 qui
712 4168 752 4235 ad
772 4171 804 4236 te
817 4168 956 4236 animum
978 4171 1011 4236 et
1024 4170 1186 4236 consilium
1201 4171 1341 4238 nostrum
1362 4169 1507 4248 deferret3

255 4285 334 4352 velle
355 4303 412 4351 nos
433 4284 577 4354 videlicet
598 4286 630 4352 ct
651 4285 711 4351 tibi
731 4285 814 4352 idem
844 4283 969 4352 suadere
992 4287 1027 4352 ut
1041 4286 1233 4354 Placentiam
1255 4287 1286 4352 te
1307 4285 1413 4352 referri
1434 4305 1506 4371 per·

174 4395 179 4416 '
254 4401 371 4482 mittas,
400 4419 462 4468 non
491 4403 590 4468 solum
620 4420 678 4485 quo
709 4401 792 4466 salue
820 4403 875 4467 tua
904 4401 1085 4486 diligentius
1107 4403 1237 4481 curetur,
1267 4401 1320 4468 sed
1348 4403 1384 4466 ut
1411 4401 1507 4466 etiam
