3400 5088
658 379 945 481 -1255

153 575 316 662 aequitatis
339 579 370 644 ot
393 576 506 644 amoris
536 596 594 663 quo
617 577 696 644 hana
719 575 864 644 Sanctam
888 577 996 647 Sedem
1019 577 1247 665 prosequimini,
1271 577 1404 663 aooipere

151 693 184 758 in
206 693 356 778 optimam
377 693 505 778 partem,
528 693 688 779 magisque
709 695 885 761 nenessitati
913 713 1005 781 quam
1028 694 1179 761 voluntati
1201 695 1322 761 nostrae
1345 695 1402 762 ad·

153 809 285 876 seribere
312 829 383 876 uum
404 809 466 876 ista
496 810 605 876 civitas
628 813 660 876 et
682 811 765 876 totns
787 811 916 895 populus
939 830 975 877 aa
997 813 1134 877 vestrum
1157 810 1294 878 omnimn
1319 813 1402 878 salus

152 927 183 992 et
204 924 407 998 commoditas
430 927 461 992 at
476 925 518 992 sit
539 926 628 992 nobis
650 927 682 992 et
704 926 807 993 lutura
830 927 872 992 sit
895 946 1014 1011 semper
1036 926 1179 1011 inprimis
1201 927 1299 1005 oordi;
1322 927 1403 1012 quod

152 1043 232 1108 rorte
247 1042 284 1108 do
299 1042 387 1109 nobis
403 1041 516 1108 sentire
538 1044 569 1108 et
584 1042 758 1109 existimare
773 1042 891 1110 debetis
906 1043 992 1109 euius
1015 1043 1112 1110 animi
1127 1043 1225 1110 nostri
1240 1043 1402 1128 aliquando

151 1157 319 1224 maioribus
341 1158 375 1224 iu
396 1159 486 1224 rebus
515 1158 703 1242 eognosoetis
726 1158 876 1238 allectum,
884 1159 908 1243 1)
941 1158 1020 1225 siout
1049 1157 1135 1225 vobis
1165 1159 1278 1224 nostris
1301 1159 1402 1225 vorbis

150 1273 270 1356 plenius
292 1273 439 1340 edisseret
459 1275 541 1340 idem
562 1273 611 1340 Jo.
627 1273 788 1359 Philippus
810 1274 860 1340 oui
881 1273 974 1340 fidem
996 1273 1157 1340 habebitis.
1203 1275 1319 1340 Datum
1336 1274 1401 1342 Bo·

150 1408 219 1456 mae
241 1389 290 1455 dia
312 1389 351 1456 ix.
374 1389 491 1475 Aprilis
513 1389 632 1457 mdxxv.
676 1389 766 1456 Anno
789 1389 927 1456 seouudo.
1461 1397 1466 1406 “

242 1619 384 1706 Sequitur
413 1622 542 1706 epistola
571 1623 707 1690 eiusdem
729 1621 791 1689 diei
813 1625 844 1688 et
865 1621 939 1688 anui
960 1622 1092 1708 vioeregi
1114 1621 1259 1707 Neapolis
1289 1623 1404 1708 scripta

150 1757 208 1822 quo
231 1738 374 1822 pontifex,
396 1739 502 1804 orante
523 1739 671 1805 cardinali
704 1737 920 1824 ipporegiensi,
943 1738 1129 1805 Ludovioum
1151 1741 1182 1806 et
1197 1739 1401 1806 Philibertum

151 1855 271 1920 llesohi
292 1853 485 1920 commendat
507 1873 618 1939 rogans
636 1856 671 1921 nt
691 1855 756 1920 illia
778 1854 975 1922 medietatem
992 1854 1156 1920 comitatus
1170 1854 1341 1922 Masserani
1363 1857 1402 1920 ab

150 1970 216 2054 ipso
239 1971 374 2054 vioerege
396 1971 469 2036 fiseo
492 1970 705 2052 adiudioatam,
727 1971 915 2036 restituatur.

239 2202 443 2288 Hieronymus
466 2203 503 2269 de
517 2203 655 2270 Ferraria
669 2203 751 2288 prior
767 2201 817 2268 SA*
836 2202 976 2269 Honofrii
998 2202 1035 2268 de
1050 2203 1125 2268 urbe
1139 2202 1301 2286 deputatur
1315 2221 1400 2268 oom-

150 2319 311 2384 missarius
341 2319 380 2383 ad
410 2320 577 2385 vocandum
600 2321 631 2386 ot
660 2319 894 2385 examinandum
924 2319 1111 2402 Raphaelem
1142 2319 1179 2383 do
1202 2319 1297 2402 Papia
1327 2319 1402 2385 dieti

150 2435 264 2500 ordinis
286 2435 421 2501 fratrem.
466 2455 492 2500 x.
515 2434 632 2519 Aprilis
655 2434 772 2502 mdxuv.

610 2666 710 2734 Daoi
732 2665 937 2734 Borbonis.

238 2782 393 2849 Laudibus
415 2783 562 2850 extollens
583 2783 718 2869 pontifex
740 2783 806 2850 eius
828 2783 1008 2868 religionem
1029 2783 1064 2848 in
1077 2783 1178 2848 Deum
1201 2785 1233 2848 et
1246 2783 1280 2848 in
1302 2782 1400 2868 ipsius

149 2899 277 2966 vicarios
299 2899 533 2980 observantiam,
556 2901 679 2966 excusat
701 2918 734 2966 se
756 2899 795 2965 ab
817 2897 1007 2966 admittenda
1037 2898 1103 2965 eius
1125 2897 1279 2983 petitione,
1302 2898 1400 2984 quoad

149 3015 382 3082 reservationem
397 3016 540 3082 ecelesiae
553 3014 706 3099 Aquensis
722 3014 910 3099 aliorumque
924 3014 1146 3093 tenendorum,
1170 3013 1202 3079 id
1217 3033 1312 3080 unum
1328 3034 1399 3098 pro·

149 3133 276 3198 mittens
299 3151 340 3211 aa,
363 3131 542 3198 adveniente
556 3130 724 3198 vacationis
738 3149 819 3212 oasu,
842 3131 907 3197 eius
922 3130 1090 3198 voluntatis
1106 3131 1236 3196 libenter
1251 3131 1399 3196 rationem

150 3247 334 3314 habiturum.
380 3248 439 3314 Die
462 3248 518 3314 rix.
541 3247 659 3332 Aprilis
683 3246 801 3314 mdxxv.
846 3245 935 3312 Anno
960 3245 1098 3313 seeundo.

748 3507 800 3574 93.

200 3675 337 3734 Dilecto
360 3675 432 3733 tillo
455 3679 582 3733 nostro
606 3673 774 3733 Erhardo
799 3675 851 3731 tlt.
876 3671 910 3730 S.
934 3672 1124 3744 Grisogoni
1147 3672 1352 3732 Presbttero

574 3787 753 3848 Cardtnali
778 3787 972 3847 Leodienst.

237 3944 354 4010 Dilecta
375 3943 410 4009 in
424 3941 545 4010 Christo
567 3942 615 4009 fili
628 3943 729 4008 noster
746 3943 801 4008 ete.
846 3941 891 4007 Ex
906 3941 1028 4026 regione
1043 3941 1224 4008 Hollandiae
1238 3944 1270 4009 et
1284 3943 1398 4011 oiroum

148 4060 356 4128 adiumntibus
378 4061 453 4126 loeis
475 4059 527 4125 dil.
551 4058 584 4125 in
599 4058 678 4124 Xsto
700 4057 782 4124 filiae
805 4057 917 4124 nobilis
933 4057 1071 4124 mulieris
1086 4045 1273 4142 Margaritae
1295 4061 1397 4126 arohi-

147 4177 285 4242 duoissae
300 4174 443 4242 Austriaa
465 4179 497 4241 et
519 4174 692 4242 comitissas
707 4173 911 4258 Burgrmdiaa
934 4173 1068 4259 qnotidie
1091 4173 1129 4238 ad
1144 4192 1200 4240 nos
1223 4173 1399 4241 deteruntur

147 4292 285 4376 querelae
307 4291 452 4357 adversus
474 4291 652 4374 eompluros
675 4289 728 4375 qui
750 4290 815 4356 eius
838 4307 914 4376 quaa
929 4309 1009 4356 nuno
1032 4289 1234 4356 debaoohatur
1256 4290 1396 4356 hereseos

241 4543 259 4602 lt
279 4545 304 4592 ln
324 4545 432 4600 orlvlnsli
451 4543 542 4591 minuta
559 4557 601 4602 pro
619 4555 684 4590 roeo:
703 4539 821 4608 affatum
838 4541 938 4589 habetur
956 4542 1071 4592 allaotuur.
