3380 5088
696 389 940 456 -299-

193 585 368 653 huiusmodi
391 585 525 664 scientia,
548 585 727 653 auctoritate
749 587 781 653 et
803 589 906 652 tenore
928 584 1073 671 predictis
1091 585 1293 671 approbantes
1315 588 1347 654 et
1368 605 1441 654 con·
1571 673 1575 682 Ι

194 703 359 780 firmantes,
389 723 424 770 ac
454 703 557 770 omnia
586 703 617 768 et
646 703 769 787 singula
797 702 831 768 in
859 702 904 770 cis
934 703 1059 780 statuta,
1089 702 1221 785 decreta,
1250 704 1390 771 ordinata
1412 706 1444 772 et

194 837 336 886 concessa
364 820 402 886 de
424 838 501 886 noro
532 821 710 902 statuentes,
741 825 943 902 decernentes,
974 823 1149 892 ordinantes
1178 825 1209 890 et
1238 821 1442 901 concedentes,

194 937 345 1020 predictos
375 939 574 1007 laurentium
596 943 627 1008 et
650 940 810 1008 ansmem
839 943 878 1009 ad
901 961 1005 1009 eorum
1027 942 1076 1008 ius
1105 940 1282 1007 huiusmodi
1309 939 1444 1023 plenarie

194 1057 226 1119 et
240 1055 361 1141 integre
374 1057 574 1137 restituimus,
597 1057 769 1126 districtius
786 1059 960 1126 inhibentes
975 1058 1092 1142 prefato
1108 1057 1307 1124 Nascentcrio
1330 1058 1362 1124 et
1376 1055 1442 1122 cui·

195 1197 311 1263 cunque
341 1179 430 1246 alteri
459 1179 517 1244 sub
545 1178 766 1263 indignationis
796 1179 959 1263 apostolice
988 1179 1020 1245 et
1044 1177 1228 1256 rebellionis,
1258 1176 1444 1242 aeduorum

194 1294 329 1362 millium
351 1295 529 1361 ducatorum
552 1296 618 1360 arui
641 1295 678 1362 de
707 1314 827 1362 camera
848 1314 903 1380 pro
927 1313 986 1362 una
1010 1312 1128 1360 camere
1149 1293 1314 1378 apostolice
1336 1294 1368 1360 et
1383 1291 1445 1358 alia

195 1410 411 1479 medietatibus
440 1411 602 1478 laurentio
625 1413 657 1478 et
679 1411 801 1479 Caesari
829 1411 974 1496 predictis
1003 1409 1251 1497 applicandorum
1280 1409 1376 1494 penis,
1406 1428 1445 1476 ne

194 1527 299 1592 contra
314 1527 426 1594 decreti
447 1530 479 1595 et
493 1528 695 1596 concessionis
719 1527 849 1594 sedecim
865 1528 1007 1607 viromm,
1030 1547 1066 1594 ao
1088 1524 1166 1592 Sinti
1188 1527 1220 1593 et
1240 1526 1350 1593 Leonis
1373 1543 1443 1610 pre-

195 1643 386 1712 decessorum
408 1645 584 1712 huiusmodi
606 1664 641 1710 ac
655 1644 843 1742 presentium
865 1644 1039 1711 litterarum
1057 1646 1201 1723 tenorem,
1223 1642 1318 1710 etiam
1340 1643 1445 1727 rigore

194 1761 368 1828 nostrarum
389 1762 562 1828 litteramm
585 1760 683 1828 eidem
706 1761 904 1828 Nascentcrio
934 1779 1145 1828 concessarum
1175 1759 1388 1846 predictanrm,
1411 1759 1445 1827 in

195 1877 319 1944 civitate
351 1898 404 1945 seu
436 1878 586 1946 territorio
619 1878 763 1962 predictis
794 1879 931 1945 fornaces
962 1877 1111 1944 vitrorum
1143 1876 1256 1962 absque
1293 1876 1444 1943 dictorum

196 1993 353 2061 Laurentii
368 1997 399 2061 et
414 1993 552 2061 Caesaris
566 1995 615 2060 vel
638 2014 844 2061 successorum
860 1994 1064 2080 predictorum
1080 2011 1228 2060 consensu
1243 1993 1297 2058 ant
1311 1992 1444 2071 licentia,
1541 2015 1544 2026 ·

195 2112 305 2189 tenere,
328 2111 382 2176 aut
404 2110 483 2176 vitra
505 2111 681 2177 huiusmodi
709 2110 858 2176 fabricare
891 2129 943 2176 seu
966 2108 1109 2177 fabricari
1131 2109 1229 2176 facere
1257 2110 1443 2193 presumant.

195 2222 341 2305 Quocirca
363 2226 483 2294 dilectis
506 2227 580 2293 liliis
603 2227 757 2294 modernis
779 2229 811 2293 et
833 2246 888 2312 pro
909 2229 1045 2310 tempore
1067 2225 1267 2293 existentibus
1289 2225 1391 2310 legato
1414 2226 1445 2290 et

194 2341 413 2410 locumtenenti
434 2342 508 2422 eius,
531 2361 566 2410 ac
588 2344 784 2428 gubernatori
806 2362 860 2428 pro
882 2343 971 2410 nobis
994 2360 1012 2409 a
1035 2342 1105 2409 sede
1128 2342 1293 2426 apostolica
1314 2342 1349 2408 in
1363 2341 1445 2410 dicta

196 2458 319 2525 civitate
342 2460 397 2525 eto.
420 2459 611 2538 mandamus,
634 2459 780 2544 quatinus
803 2460 865 2546 ipsi
886 2461 936 2526 vel
958 2459 1017 2526 duo
1040 2459 1093 2524 aut
1115 2477 1194 2526 unns
1217 2476 1322 2524 corum
1343 2477 1398 2543 per
1413 2475 1445 2526 se

196 2573 245 2639 uel
268 2573 364 2641 alium
386 2594 438 2640 seu
461 2575 538 2640 alios
560 2577 715 2660 presentes
736 2576 864 2654 litteras,
887 2575 941 2642 ubi
963 2575 995 2642 et
1009 2572 1128 2659 quando
1143 2573 1282 2658 expedire
1304 2574 1445 2654 uiderint,

195 2689 227 2754 et
248 2708 302 2773 pro
332 2693 418 2774 parte
440 2691 595 2758 Laurentii
624 2693 656 2758 et
679 2691 816 2758 Caesaris
845 2691 1050 2776 predictorum
1072 2689 1186 2756 frrednt
1214 2690 1363 2774 requisiti,
1392 2709 1443 2756 so·

197 2804 339 2872 lemniter
360 2806 560 2890 publicantes,
586 2808 690 2892 eisque
718 2808 752 2874 in
772 2807 931 2891 premissis
953 2806 1085 2874 efficacis
1107 2805 1292 2873 defensionis
1313 2805 1445 2890 presidio

196 2921 386 3000 assistentes,
408 2922 524 2990 fodant
546 2924 726 2991 auctoritato
755 2924 861 2990 nostra
883 2923 1021 3008 singulus
1046 2920 1125 2988 sixt
1151 2924 1182 2988 et
1203 2920 1314 2990 Leonis
1336 2921 1443 3005 prede·

196 3055 358 3116 cessorum,
381 3057 417 3103 nc
438 3041 593 3122 presentes
615 3042 736 3106 nostras
758 3039 879 3106 litteras
901 3037 1077 3104 huiusmodi
1091 3038 1175 3104 iuxta
1197 3037 1322 3104 illarum
1344 3037 1444 3104 conti·

195 3153 332 3219 nentiam
347 3155 378 3220 et
393 3156 530 3222 tenorem
544 3154 762 3222 inviolabiliter
784 3154 946 3234 observari,
969 3172 1086 3221 necnon
1108 3153 1230 3220 eosdem
1247 3153 1445 3220 laurentium

195 3272 228 3334 et
249 3267 408 3337 (laeenam
431 3289 467 3336 ac
493 3289 596 3337 eorum
620 3271 795 3355 quemlibet,
824 3271 1019 3356 ipsorumque
1048 3269 1174 3337 heredes
1196 3271 1228 3336 et
1258 3288 1445 3338 successores

197 3385 324 3464 decreto,
346 3387 545 3466 concessione,
569 3387 694 3466 statuto,
717 3385 906 3452 ordinttione
929 3405 964 3452 ao
986 3385 1169 3452 inhibitione
1190 3384 1336 3470 predictis
1358 3385 1443 3470 paci·

196 3500 252 3566 fico
283 3501 423 3585 gaudere,
455 3521 515 3569 non
547 3502 759 3586 permittentes
791 3520 842 3569 eos
865 3503 919 3567 aut
950 3519 1055 3568 eorum
1078 3501 1212 3586 aliquem
1244 3518 1298 3586 per
1329 3501 1445 3568 dictum

197 3613 441 3696 Nascentorium,
470 3620 501 3684 et
530 3637 735 3702 quoscumque
764 3617 842 3684 alios
872 3617 909 3684 de
939 3636 1029 3699 snper
1058 3617 1284 3701 quomodolibet
1311 3609 1446 3684 indebite

197 3729 362 3810 molestari,
385 3735 438 3798 aut
452 3733 567 3800 eisdem
583 3731 662 3799 Sixti
684 3735 715 3800 et
730 3733 840 3800 Ieonis
864 3751 917 3798 seu
932 3732 1124 3816 presentibus
1146 3733 1260 3800 litteris
1283 3734 1446 3813 conveniri,

197 3845 430 3913 contradictores
452 3867 679 3932 percensuram
702 3849 757 3914 etc.
796 3848 939 3914 Invocato
954 3847 1049 3914 etiarn
1070 3847 1189 3927 adhoc,
1213 3849 1239 3916 si
1255 3867 1330 3933 opus
1346 3847 1446 3928 fuerit,

197 3961 309 4026 auxilio
331 3961 448 4028 brachii
470 3963 623 4031 secularis.
668 3963 739 4031 Non
761 3963 954 4031 obstantibus
977 3965 1136 4049 premissis
1158 3982 1194 4031 sc
1216 3964 1445 4032 constitutioni·

197 4077 254 4142 bus
269 4078 300 4143 et
314 4077 555 4145 ordinationibus
570 4079 753 4164 apostolicis,
775 4099 891 4147 necnon
906 4078 987 4147 dicte
1001 4079 1145 4160 civitatis,
1168 4080 1347 4160 iuramento,
1370 4099 1443 4146 cou-

196 4193 368 4259 firmatione
398 4195 564 4278 apostolica
595 4196 643 4262 rel
672 4196 780 4281 quavis
813 4195 959 4262 firmitate
991 4194 1054 4261 alia
1083 4195 1231 4262 roboratis
1262 4195 1388 4264 statutis
1415 4198 1447 4262 et

195 4307 464 4376 consuetudinibus
496 4311 655 4378 contrariis
687 4312 922 4396 quibuscunque,
947 4331 999 4378 seu
1023 4311 1051 4378 si
1072 4309 1153 4377 dicto
1175 4310 1375 4378 Nascentorio
1398 4313 1446 4378 vel

196 4424 354 4510 quibusvis
377 4425 448 4492 aliis
478 4427 681 4494 communiter
702 4427 751 4494 rel
773 4426 898 4492 divisim
928 4425 1096 4494 abeodem
1119 4427 1161 4493 sit
1190 4427 1260 4494 sede
1282 4427 1445 4505 indultum,

195 4539 274 4624 quod
295 4540 444 4623 interdici,
475 4543 619 4630 suspendi
648 4542 697 4610 rel
726 4541 981 4612 excommunicari
1010 4541 1219 4630 nonpossint
1249 4562 1302 4632 per
1324 4543 1444 4613 litteras
