3366 5084
776 385 997 448 „54-

258 581 323 648 eius
347 580 483 646 studium
506 598 541 644 ac
564 578 804 644 benevolentiam
829 599 901 664 erga
925 599 988 658 nos,
1011 580 1043 644 in
1066 577 1306 644 sarcasmum
1323 577 1433 645 Sedena
1455 579 1510 644 ob-

260 696 455 773 servantiam,
486 695 618 761 marime
647 695 736 760 nobis
760 696 790 759 et
812 695 924 779 gaudio
954 715 1072 779 semper
1101 697 1132 760 et
1162 694 1319 760 commodo
1347 714 1428 760 esse:
1458 713 1513 758 neo

259 813 355 878 ullam
378 813 443 877 tam
466 830 605 895 asperam
628 810 761 877 accidere
784 812 999 896 tempestatem
1022 831 1119 896 posse,
1143 812 1217 895 quin
1239 813 1293 876 tua
1315 812 1405 895 atque
1427 810 1512 875 illius

260 947 381 1014 summa
395 926 564 1012 pmdentia‚
588 926 761 1005 auctoritas,
785 927 890 1006 uirtus,
914 927 1109 994 firmissimae
1129 928 1278 993 anchorae
1293 927 1381 992 nobis
1405 927 1511 1003 vicem,

259 1043 298 1109 ad
320 1063 425 1109 omnes
448 1043 559 1109 fluctus
583 1042 776 1110 sustinendos
800 1043 973 1127 praebitura
997 1043 1046 1108 sit.
1092 1041 1190 1123 Quem
1213 1044 1352 1109 animum
1375 1045 1511 1108 vestrum

259 1178 332 1244 erga
360 1177 416 1224 nos
445 1158 530 1224 omni
557 1158 591 1223 in
620 1178 651 1224 re
681 1160 712 1223 et
741 1159 877 1241 tempore
906 1158 969 1223 iam
998 1159 1086 1224 nobis
1110 1159 1276 1244 cognitum,
1306 1160 1342 1224 ut
1370 1157 1512 1224 omnibus

258 1274 372 1341 nostris
396 1273 506 1339 studiis
530 1273 647 1354 officiis,
671 1273 702 1339 et
724 1273 890 1357 singularis
913 1275 1139 1341 benevolentiae
1162 1275 1282 1341 iudiciis
1305 1277 1336 1340 et
1354 1273 1510 1340 demerea-

258 1410 328 1457 mur
350 1391 382 1456 et
404 1389 597 1469 retineamus,
621 1392 656 1456 ut
679 1405 797 1474 semper
820 1391 948 1456 antehac
971 1390 1107 1470 fecimus,
1130 1391 1210 1456 nihil
1233 1409 1338 1457 sumus
1361 1389 1512 1456 omissuri

259 1505 325 1572 Tua
347 1506 576 1589 onoumspectio
599 1507 634 1571 ut
663 1505 702 1570 ad
723 1505 943 1589 procurandam
967 1508 998 1571 et
1020 1506 1238 1573 conficiendam
1260 1525 1366 1591 pacem
1388 1506 1511 1572 univer-

260 1623 358 1688 salem
381 1622 469 1688 nobis
493 1621 637 1687 assistere
660 1641 785 1705 esseque
808 1622 919 1688 auxilio
943 1641 997 1687 sua
1020 1623 1190 1707 praestanti
1204 1623 1384 1689 auctoritate
1406 1624 1438 1688 et
1461 1641 1511 1687 sa·

258 1736 375 1820 pientia
405 1737 488 1816 velit,
518 1737 606 1803 illam
636 1737 668 1803 in
691 1737 823 1803 Domino
851 1738 1019 1821 plurimum
1049 1739 1253 1817 obtestamur;
1284 1758 1374 1823 super
1402 1738 1513 1822 quibus

259 1850 402 1919 omnibus
425 1853 568 1918 misimus
591 1852 738 1919 dilectum
760 1853 861 1919 filiurn
883 1853 931 1920 Jo.
955 1851 1111 1919 Oasah'um
1140 1855 1294 1921 notarium
1315 1856 1347 1920 et
1368 1853 1513 1920 nuncium

258 1969 399 2035 nostrum
421 1967 517 2034 fidum
540 1968 628 2034 nobis
644 1972 675 2034 et
696 1969 867 2052 probatum
883 1969 936 2054 qui
951 1971 990 2048 te,
1014 1971 1133 2054 quando
1156 1945 1339 2055 quibusdam
1361 1968 1513 2036 decausis

258 2084 441 2168 angebamur
463 2101 552 2150 ren.m
578 2083 704 2151 fratrem
727 2084 889 2151 Nicolaum
915 2086 1172 2170 archiepiscopum
1196 2085 1372 2170 Capuanum
1396 2085 1435 2151 ad
1457 2103 1513 2149 nos

261 2217 408 2279 revocare,
436 2201 554 2285 largius
577 2201 779 2286 alloqueretur
802 2203 833 2266 et
855 2202 891 2268 de
914 2201 1056 2268 omnibus
1085 2202 1199 2268 nostris
1221 2201 1357 2268 consiliis
1379 2201 1515 2284 actisque

263 2315 409 2395 edoceret
433 2317 481 2382 cui
505 2317 653 2383 serenitas
675 2317 729 2383 tua
751 2316 843 2383 fidem
859 2336 1013 2384 summam
1035 2317 1168 2384 habebit
1199 2318 1315 2383 Datum
1329 2317 1444 2384 Romae
1459 2318 1515 2382 etc.

264 2431 312 2497 die
335 2451 362 2498 v.
385 2430 526 2498 Jannarii
548 2432 666 2499 mdrnr.
712 2432 801 2500 Anno
825 2435 962 2500 secundo.

861 2695 912 2760 38.

711 2859 799 2918 Ducl
823 2859 1064 2920 venetiarum.

350 3012 469 3078 Dileote
491 3013 538 3079 fili
559 3015 614 3079 eto.
659 3013 745 3079 Inter
765 3031 853 3078 curas
883 3015 1003 3079 nostras
1033 3033 1108 3098 quas
1131 3033 1239 3098 graves
1262 3016 1293 3079 et
1315 3014 1430 3079 multas
1459 3031 1513 3097 pro

262 3129 360 3194 saluto
389 3129 572 3194 christianae
595 3129 778 3213 reipublicae
801 3131 996 3210 sustinemus,
1018 3130 1073 3194 illa
1096 3130 1184 3195 nobis
1198 3129 1340 3214 precipua
1361 3130 1426 3194 iam
1440 3127 1511 3194 inde

259 3243 279 3310 ‘a
301 3245 400 3310 nostri
421 3245 615 3328 pontificatus
644 3245 734 3311 initio
756 3245 823 3325 fuit,
853 3247 888 3310 ut
909 3265 1014 3329 pacem
1038 3246 1118 3311 inter
1147 3245 1298 3329 principes
1327 3245 1510 3311 christianos

260 3360 371 3444 ubique
401 3362 462 3427 fere
491 3361 635 3427 maximis
664 3361 904 3428 dissensionibus
933 3362 1143 3446 perturbatam
1172 3362 1414 3438 concideramus,
1447 3361 1512 3425 sina

260 3495 320 3561 qua
335 3476 553 3556 iudicabamus,
576 3477 608 3542 id
623 3478 703 3562 quod
725 3498 805 3543 nuno
827 3498 943 3563 quoque
958 3478 1118 3556 cernimus,
1141 3478 1397 3544 christianitatem
1417 3477 1512 3542 tantis

259 3592 401 3678 periculis
423 3595 455 3658 et
477 3593 668 3660 detrimentis
692 3595 832 3660 affectam
855 3596 973 3660 salvam
996 3594 1128 3678 amplius
1151 3615 1217 3660 esse
1239 3613 1300 3660 non
1322 3613 1419 3678 posse.
1460 3592 1508 3658 Ad

260 3727 351 3793 quam
375 3708 560 3775 suadendam
584 3713 615 3776 et
636 3710 855 3795 procurandam
879 3711 965 3777 illam
981 3729 1142 3794 personam
1166 3711 1321 3793 sumpsius
1344 3729 1436 3794 quam
1451 3710 1508 3775 ho-

260 3823 343 3889 noris
367 3825 465 3890 nostri
487 3827 518 3890 et
533 3825 626 3891 officii
647 3827 785 3892 debitum
801 3827 933 3892 maxime
956 3827 1130 3912 postulabat
1145 3827 1179 3891 ut
1195 3845 1324 3911 aequum
1340 3827 1512 3910 bonumque

260 3938 434 4022 pontificem
456 3943 488 4005 et
510 3961 615 4006 verum
637 3943 756 4025 patrem
779 3942 920 4008 omnibus
943 3943 1169 4026 praeberemus:
1200 3962 1218 4007 a
1240 3961 1300 4026 qua
1322 3943 1417 4008 etiam
1439 3961 1509 4026 par-

260 4072 334 4120 sona
356 4075 511 4141 nunquam
534 4056 722 4125 intendimus
752 4059 912 4124 discedere.
958 4057 1017 4125 Sed
1040 4077 1109 4124 cum
1133 4077 1170 4124 na
1194 4058 1238 4123 sic
1261 4058 1383 4143 quidem
1406 4061 1510 4124 nostra

260 4167 299 4233 ad
321 4171 538 4238 conficiendam
562 4173 754 4240 concordiam
775 4175 925 4240 ualuisset
947 4173 1121 4252 auctoritas,
1144 4174 1212 4240 tum
1235 4174 1273 4240 ob
1296 4174 1510 4240 confidentiam

259 4302 363 4351 eorum
386 4287 439 4370 qui
461 4288 556 4353 armis
579 4288 648 4373 plus
670 4309 759 4373 posse
783 4288 971 4368 ridebantur,
994 4291 1061 4355 tum
1084 4289 1122 4354 ob
1146 4289 1275 4355 aliorum
1297 4289 1392 4356 nimis
1414 4289 1510 4374 perti·

259 4417 366 4465 uocem
388 4401 422 4466 in
445 4404 652 4470 contendendo
676 4406 869 4482 sententiam,
893 4405 1089 4471 substitimus
1113 4405 1304 4489 aliquantum
1319 4424 1374 4470 nos
1393 4423 1511 4490 quoquc

258 4513 358 4581 Deum
381 4517 412 4582 et
434 4518 499 4586 eius
521 4519 762 4588 misericordiam
785 4521 974 4587 obtestantes
997 4521 1032 4586 ut
1052 4521 1120 4604 ipse
1142 4521 1211 4605 paci
1232 4520 1315 4587 viam
1339 4522 1370 4589 et
1392 4520 1509 4588 aditum
