3400 5088
715 251 958 316 -119-

209 447 279 512 freti
301 446 481 513 confidimus
505 466 565 512 nou
581 446 680 512 solum
696 445 734 512 ad
750 444 887 512 Caesaris
901 445 999 528 ipsius
1022 443 1254 528 amplitudinem
1270 445 1301 508 et
1323 442 1462 528 gloriam,

209 562 262 629 sed
291 562 329 629 ad
359 563 453 630 totius
482 562 665 630 christianae
688 561 870 646 reipublicae
900 561 1083 626 salutemet
1112 559 1279 626 utilitatem
1308 559 1459 626 redunda-

209 681 310 746 turum
333 699 407 746 osse.
454 680 492 744 In
514 698 573 764 quo
595 680 729 762 preclaro
760 697 847 762 opero
870 680 902 744 et
924 697 1048 743 munere
1070 679 1140 742 tuae
1164 676 1310 742 bonitalis
1333 677 1364 742 ct
1385 696 1459 759 pru·

208 795 328 862 donuae
350 797 452 880 partes
475 813 535 861 non
564 794 729 861 mediocres
752 794 872 859 futurae
902 795 982 858 sunt.
1037 791 1096 858 Sed
1119 793 1193 858 haee
1222 812 1298 877 quas
1321 792 1460 877 pluribus

208 911 307 978 vorbis
330 911 504 996 exponenda
526 912 628 976 assant
651 911 771 976 brevius
795 910 991 994 attingemus,
1015 929 1108 992 quum
1131 909 1233 992 ipsum
1255 908 1302 976 Jo.
1325 909 1458 974 Bartho-

206 1027 341 1093 lomeum
363 1026 524 1092 habiturus
540 1027 571 1091 et
586 1025 723 1092 omnium
746 1026 882 1110 apprime
905 1044 1006 1090 rerum
1023 1025 1215 1103 instructum
1239 1024 1292 1108 qui
1314 1043 1458 1090 unacum

206 1143 317 1210 dilecto
339 1143 403 1210 lilio
426 1141 523 1208 nobili
546 1141 610 1207 viro
633 1142 709 1209 duee
732 1140 860 1208 Suessae
890 1141 1045 1226 egregium
1076 1159 1198 1224 operam
1221 1143 1253 1206 ot
1275 1139 1459 1207 industriam

207 1259 246 1325 ad
261 1258 477 1326 conficiendam
493 1258 572 1324 hanc
581 1259 718 1324 nostram
728 1258 969 1324 coniunctionem
985 1256 1133 1348 admouit,
1149 1256 1234 1322 cuius
1248 1256 1460 1341 integritatem

206 1375 237 1441 et
258 1374 453 1458 prudentiam
475 1374 536 1440 uisi
560 1393 679 1444 summo
699 1374 954 1458 probavissemus,
977 1372 1170 1438 misissemus
1194 1372 1327 1456 aliquem
1350 1393 1385 1438 ex
1401 1392 1457 1438 no-

205 1491 287 1570 stris,
311 1491 364 1556 sed
387 1509 421 1558 eo
445 1509 504 1557 uuo
520 1489 635 1556 luimus
658 1489 808 1566 oneum
832 1489 881 1555 cui
896 1491 926 1555 et
948 1487 1000 1554 dil.
1017 1487 1046 1554 li.
1063 1487 1256 1554 Balthassari
1279 1486 1458 1556 Castiliouio

204 1606 314 1674 nuncio
337 1609 441 1673 nostro
470 1607 505 1672 ut
534 1605 653 1672 devotio
676 1607 730 1672 tua
759 1605 850 1671 fidem
874 1623 996 1671 ornnem
1018 1605 1130 1670 habeat
1159 1603 1247 1668 illam
1269 1602 1303 1668 in
1325 1602 1457 1670 Domino

204 1740 386 1808 magnopere
416 1721 620 1788 adhortamur.
673 1722 787 1788 Datum
818 1721 933 1788 Romae
962 1721 1017 1786 etc.
1048 1719 1097 1788 die
1125 1719 1168 1784 iii
1192 1719 1308 1804 Aprilis
1338 1717 1457 1786 mdxxv.

203 1839 293 1906 Anno
316 1837 453 1904 secundo.

802 2098 854 2164 88.

731 2259 924 2322 Caesarl.

291 2416 456 2484 Carissimo
476 2416 509 2482 in
533 2415 653 2481 tnristo
676 2415 723 2481 fili
744 2417 847 2482 noster
870 2416 1001 2481 salutem
1017 2416 1072 2480 etc.
1119 2413 1266 2497 Magnum
1283 2434 1301 2479 a
1317 2415 1380 2480 Deo
1399 2415 1452 2480 be·

200 2533 343 2602 nefieium
357 2531 492 2618 quotidie
506 2531 607 2616 magis
624 2532 773 2597 sentimus
796 2531 875 2616 quod
891 2532 1006 2638 rorrrolo
1021 2530 1106 2598 omni
1127 2531 1345 2615 impadlmento
1364 2534 1454 2616 alque

199 2648 283 2716 olrice
310 2649 468 2734 indulgere
505 2650 648 2732 perpetuo
677 2651 780 2715 nostro
811 2651 842 2714 el
872 2667 991 2714 summo
1028 2647 1126 2714 amori
1154 2667 1227 2733 erga
1257 2649 1452 2716 serenitatem

198 2767 293 2844 tuam,
316 2768 347 2831 et
369 2765 428 2831 ribi
450 2763 516 2830 sine
538 2764 600 2830 ullo
624 2765 764 2848 scrupulo
787 2763 940 2830 coniuncti
963 2783 1029 2829 esse
1044 2781 1211 2848 possemus.
1258 2762 1339 2830 Nam
1359 2784 1449 2850 supe·

198 2879 328 2946 rioribus
357 2879 464 2946 diebus
488 2876 648 2946 Gallorum
677 2880 866 2946 tumultuet
895 2881 1008 2946 terrore
1031 2879 1155 2945 Italiam
1178 2882 1350 2965 occupante,
1380 2901 1448 2948 eum

198 2995 331 3080 gnaviter
353 2995 441 3062 nobis
463 3014 517 3079 pro
533 2996 638 3062 nostra
660 2996 690 3060 et
706 2996 805 3061 status
828 2995 1027 3062 aeclesiastici
1041 2995 1252 3088 incolumitate
1275 2997 1357 3062 esset
1378 3015 1448 3081 per-

199 3111 427 3192 timescendum,
451 3111 625 3195 vigeretque
647 3111 680 3176 in
703 3110 816 3176 animis
846 3113 984 3178 omnium
1006 3112 1107 3196 opinio
1130 3130 1192 3178 non
1213 3132 1302 3196 posse
1325 3113 1448 3179 illorum

197 3228 313 3294 viribus
336 3227 451 3293 diutius
475 3227 586 3304 resisti
610 3227 704 3294 aliam
726 3227 880 3312 quondam
904 3229 1052 3294 rationem
1075 3229 1298 3313 componendae
1321 3231 1352 3295 et
1374 3247 1446 3294 eon·

197 3343 345 3410 oilmndao
367 3343 450 3427 pacis
473 3342 668 3419 tentavimus,
691 3361 746 3408 nee
761 3362 853 3428 quam
876 3343 1016 3409 voluntas
1033 3343 1121 3409 nobis
1144 3346 1256 3423 nostre,
1279 3343 1333 3410 sed
1354 3363 1446 3428 qnam

197 3461 368 3543 temporum
397 3457 564 3524 difficultas
586 3458 826 3541 praeeminebam
856 3477 949 3542 quam
979 3479 1049 3525 cum
1078 3458 1247 3545 transigere
1270 3461 1301 3525 et
1330 3459 1447 3527 efficere

196 3594 255 3641 non
270 3593 438 3658 possemus,
462 3573 505 3639 sie
528 3573 629 3639 visum
651 3573 711 3638 fuit
726 3575 813 3639 nobis
837 3577 939 3640 nostro
957 3577 988 3640 et
1007 3574 1094 3642 Sedis
1117 3575 1299 3660 apostolieae
1314 3577 1446 3661 periculo

194 3709 260 3756 osse
282 3689 510 3774 prouidendum,
533 3692 568 3754 ut
584 3689 777 3756 securitatem
800 3690 839 3754 ab
862 3691 928 3774 ipso
952 3709 1022 3775 rege
1038 3693 1221 3760 Francorum
1244 3712 1445 3777 quereremus,

195 3805 389 3890 vicissimque
412 3823 480 3873 eam
503 3804 551 3870 illi
580 3823 634 3871 nos
657 3804 856 3884 traderemus,
878 3824 968 3871 nemo
992 3809 1039 3872 est
1061 3808 1194 3891 profecto
1217 3827 1288 3874 oum
1310 3809 1444 3894 equitate

194 3921 339 4000 iudicans,
362 3922 414 4005 qui
436 3919 513 3986 illud
529 3919 691 3986 consilium
710 3941 770 3986 non
793 3922 917 3988 cautum
932 3925 963 3988 st
976 3925 1183 3990 necessarium
1205 3923 1313 3990 debeat
1335 3926 1442 3992 existi-

195 4057 285 4116 mare,
308 4037 381 4122 quid
396 4036 478 4102 enim
494 4036 630 4102 luterum
653 4039 734 4102 esset
750 4036 886 4103 divinare
900 4058 989 4104 nemo
1013 4041 1137 4122 poterat.
1168 4039 1189 4105 J
1191 4040 1323 4106 udicium
1340 4044 1443 4110 autem

193 4153 250 4218 Dei
272 4151 427 4232 altissimi,
449 4154 611 4237 postquam
641 4151 668 4217 is
691 4152 811 4219 meliori
839 4153 928 4219 modo
951 4155 983 4218 et
1004 4155 1054 4219 via
1082 4155 1151 4240 paci
1172 4157 1203 4220 et
1224 4157 1444 4241 tranquillitati

192 4268 300 4335 Italiae
323 4268 479 4336 consulere
502 4266 605 4344 voluit,
628 4268 729 4353 magis
752 4269 915 4353 probatum
937 4269 1005 4348 fuit,
1027 4272 1225 4354 posteaquam
1247 4271 1363 4338 laetum
1386 4275 1441 4352 est,

191 4403 283 4468 quarn
311 4385 393 4452 esset
421 4385 511 4450 antea
541 4385 703 4468 speratum.
758 4384 870 4452 Noster
899 4385 1022 4471 quidem
1051 4386 1217 4474 singularis
1248 4388 1280 4456 et
1310 4388 1439 4456 eximius
