3380 5088
685 357 929 424 -ael-

180 569 276 637 nuper
304 551 375 620 inde
404 551 496 619 rediit
524 552 680 620 remittere
702 553 742 618 ad
769 553 995 621 oonfirmandos
1024 554 1146 621 amieos.
1200 551 1287 634 Quod
1314 553 1353 620 ad
1375 572 1431 620 nos

178 666 300 747 attinet,
322 667 442 734 utimm
457 668 536 735 vires
558 669 740 735 haberemus
763 669 858 736 totius
873 669 965 735 huius
980 669 1179 754 expeditionis
1194 669 1308 736 noetis
1323 669 1431 756 opibus

180 782 395 867 suscipiendae.
434 781 494 850 Sed
515 785 621 852 tamen
642 783 784 870 quioquid
801 785 951 851 habemus
973 785 1094 864 virium,
1116 788 1208 871 atque
1230 785 1431 864 austeritatis,

178 897 212 964 id
232 899 333 965 totum
355 897 442 965 vobis
471 899 702 985 promptissime
730 901 917 985 pollioomur.
962 901 1063 986 Atque
1091 901 1124 967 in
1146 901 1212 968 Deo
1240 899 1431 980 oonfidimus‚

179 1015 282 1082 omnia
303 1016 400 1094 robis,
422 1017 458 1082 nt
480 1016 628 1100 cupimus,
652 1015 841 1094 suraeesdrm
864 1035 919 1084 noo
940 1035 1011 1084 roro
1026 1016 1105 1085 illud
1126 1016 1293 1084 verendum
1314 1017 1370 1096 est,
1392 1036 1431 1082 no

179 1130 207 1197 si
229 1150 277 1198 res
300 1131 339 1198 ab
360 1130 450 1198 initio
472 1133 550 1199 bene
572 1133 750 1200 euoeosserit
772 1135 843 1200 ante
865 1135 904 1199 ab
927 1133 1068 1200 hostibus
1090 1133 1241 1214 finitimis,
1264 1151 1300 1199 ao
1321 1134 1430 1218 poton·

178 1247 309 1314 tissimie
332 1247 564 1334 opprimamini,
593 1267 687 1333 quam
709 1249 822 1316 auxilia
851 1249 938 1316 vobis
962 1250 1105 1317 submitti
1131 1250 1258 1334 possint.
1304 1249 1429 1316 Proste-

179 1363 282 1432 bimus
304 1363 386 1430 enim
416 1365 568 1444 nostram,
598 1383 633 1432 ao
655 1365 839 1451 reliquorum
868 1365 1041 1450 prinoipum
1069 1365 1163 1432 fidem
1184 1366 1218 1433 in
1241 1365 1328 1433 vobis
1356 1365 1431 1432 totis

179 1479 296 1546 viribus
319 1479 523 1548 defendendis.
569 1477 653 1562 Quae
676 1480 799 1566 quidem
822 1499 877 1547 nos
899 1481 1003 1548 omnia
1025 1500 1060 1549 eo
1083 1481 1230 1566 prolixius
1252 1481 1431 1566 soripsimns

179 1595 222 1674 ut
246 1595 274 1662 si
295 1595 340 1662 ita
355 1595 508 1664 devotioni
522 1597 594 1663 tuae
615 1596 777 1676 videbitur,
799 1597 839 1662 iis
862 1615 938 1681 qnos
959 1597 1032 1664 feeit
1055 1598 1093 1664 ab
1107 1596 1197 1664 initio
1219 1597 1312 1664 huius
1334 1615 1430 1682 nogo-

179 1711 320 1778 oiationis
348 1711 512 1798 partieipes
540 1712 598 1778 has
621 1714 742 1780 nostras
772 1713 893 1781 litteras
915 1713 955 1780 ad
977 1731 1028 1780 oos
1052 1731 1106 1779 sua
1129 1715 1237 1798 sponte
1266 1729 1431 1798 propensos

180 1829 281 1913 magis
304 1827 398 1895 marn
421 1828 460 1895 ad
483 1829 602 1895 unum
625 1829 747 1894 laudem
770 1828 945 1897 excitandos
960 1829 1183 1896 eommunioare
1205 1828 1311 1914 possit.
1349 1826 1432 1894 illud

179 1943 303 2013 omnino
326 1945 391 2012 ate
404 1943 586 2030 requirimus
608 1945 645 2010 ut
668 1943 703 2024 ai,
726 1944 807 2030 qued
821 1945 981 2024 nollemus,
1004 1945 1106 2029 aliquo
1129 1963 1184 2012 vos
1203 1963 1275 2010 oasu
1290 1943 1431 2029 impediti

178 2059 315 2147 proximo
328 2079 399 2129 roro
421 2080 487 2128 roan
502 2060 629 2146 aggredi
650 2079 739 2146 posse
762 2061 919 2140 diffidatis,
944 2061 1098 2147 significes
1120 2061 1210 2128 nobis
1228 2060 1280 2146 qui
1296 2060 1339 2127 sit
1360 2059 1430 2126 aui-

178 2195 248 2244 mus
270 2178 379 2258 resur,
402 2180 437 2243 ut
459 2177 539 2262 apud
561 2195 657 2262 reges
686 2178 791 2243 unua
813 2177 980 2244 oooasionis
1010 2177 1242 2262 praetermissae
1265 2177 1354 2262 eulpa
1376 2195 1432 2244 nos

178 2293 351 2372 liberemus,
372 2291 472 2378 dequo
486 2311 614 2378 quorum
629 2292 714 2372 tides,
738 2291 934 2378 studiumque
956 2293 995 2360 ad
1010 2294 1090 2360 hano
1106 2313 1180 2372 rem,
1203 2311 1259 2360 nos
1274 2293 1312 2363 de
1327 2311 1431 2361 eornm

179 2409 278 2476 salute
292 2409 386 2476 habet
401 2408 558 2488 sollicitos,
574 2409 774 2477 orientalibus
789 2408 899 2477 amieis
915 2408 1133 2494 signitioemus,
1148 2429 1186 2476 ne
1201 2409 1318 2478 diutine
1327 2410 1433 2476 nostra

178 2525 385 2611 expectatione
407 2524 546 2610 suspensi
561 2523 778 2610 periclitentur.
825 2522 1090 2604 Quemadmodum
1105 2526 1141 2592 de
1163 2523 1214 2591 his
1229 2523 1324 2592 etiarn
1338 2523 1433 2591 latius

180 2643 285 2718 nostro
307 2641 438 2722 nomine
460 2660 530 2709 oum
552 2641 711 2708 devotione
737 2643 791 2707 tua
818 2642 959 2726 loquetur
979 2641 1062 2709 idem
1084 2641 1178 2708 trater
1199 2639 1362 2719 numnius,
1384 2640 1434 2708 oui

180 2757 393 2844 plenissimam
423 2757 457 2826 in
477 2757 528 2823 his
550 2755 643 2824 fidem
672 2756 808 2824 habebis.
860 2757 977 2824 Datum
999 2757 1116 2824 Itomae
1138 2757 1193 2825 oto.
1224 2756 1274 2824 die
1296 2777 1341 2822 rx.
1364 2755 1431 2824 No·

181 2873 315 2942 sembrie
337 2872 491 2964 mdxxviii
535 2873 625 2940 Anno
648 2871 762 2958 quinte

1227 2985 1343 3072 Blos¹)

276 3221 295 3290 Ι)
314 3225 406 3274 amru·
429 3223 547 3274 Palladius
569 3223 725 3274 worout!
744 3224 769 3272 ln
791 3221 885 3272 Sabinis
908 3225 985 3282 ortus,
1012 3224 1058 3272 init
1080 3237 1095 3270 a
1119 3223 1216 3272 reontio
1238 3220 1365 3270 mamantis
1383 3221 1433 3270 vu.

182 3322 248 3372 rans
266 3323 309 3372 ΠΙ.
327 3325 353 3372 et
370 3323 427 3372 dulit
445 3323 486 3372 111.
504 3322 649 3384 ponttdonm.
