3380 5088
786 335 1038 412 *abl-

284 535 448 605 commissa
471 537 530 606 luit
545 538 576 606 ot
598 535 638 605 ad
659 557 735 624 quos
758 542 875 624 spectat
897 540 1015 607 utiliter
1036 559 1140 627 gerere
1163 540 1286 626 negotia
1308 535 1406 626 ipsius
1423 537 1537 608 Gathe-

285 656 370 721 rinae
385 655 524 721 ducissae
546 656 644 721 adhue
666 656 698 720 iu
713 657 859 739 pupillari
880 658 981 722 aetate
995 657 1186 737 mustitutae,
1208 656 1435 724 considerantes
1449 677 1538 742 prae·

286 771 416 838 missam
439 771 622 856 reciprocam
645 771 838 838 donationem
861 771 960 838 eidem
983 769 1162 839 Catherinae
1186 773 1321 857 pupillae
1342 773 1444 858 potius
1465 793 1539 858 pro·

286 888 397 953 licuam
412 905 506 971 quam
528 887 707 952 damnosam
723 887 868 966 futuram,
890 889 1049 972 propterea
1069 889 1169 954 eidem
1185 889 1319 974 pupillae
1341 906 1407 956 rem
1429 889 1539 954 utilem

209 993 211 998 ’
287 1005 377 1086 prout
398 1022 433 1068 ex
455 1002 592 1068 iniuncto
614 1003 703 1068 nobis
725 1001 824 1068 officio
847 1003 994 1084 tenemur,
1023 1003 1122 1071 facore
1143 1004 1359 1083 desiderantes,
1382 1005 1486 1070 omnia
1508 1007 1539 1071 et

288 1118 411 1204 singula
433 1120 511 1186 bona
542 1117 667 1184 stabilia
689 1120 720 1184 et
742 1117 870 1184 mobilia
892 1118 937 1184 eis
960 1119 1133 1186 coherentia
1155 1125 1186 1186 et
1208 1120 1331 1186 illorum
1353 1121 1462 1186 usibus
1483 1121 1536 1186 de-

286 1236 394 1319 putata
416 1235 514 1300 dictae
537 1231 716 1298 Gatheriuae
739 1233 886 1314 daciscae,
915 1253 971 1299 neo
992 1253 1054 1300 non
1076 1237 1185 1316 castra,
1209 1239 1306 1302 terras
1328 1240 1360 1302 et
1381 1236 1456 1316 loca,
1478 1237 1536 1302 du-

287 1353 398 1429 catum,
420 1351 600 1415 comitatum
623 1354 654 1416 et
675 1347 812 1414 dominia
833 1348 868 1415 in
889 1346 970 1414 dicto
993 1369 1086 1435 regne
1108 1349 1254 1418 Franciao
1281 1351 1442 1417 dumtaxat
1463 1369 1536 1418 con·

286 1466 436 1547 sistentia,
458 1470 490 1533 et
504 1466 544 1532 ad
558 1485 626 1532 eam
641 1465 779 1551 legitime
801 1465 986 1550 pertinentia
1008 1485 1043 1532 ea
1057 1466 1219 1533 donatione
1241 1486 1318 1552 quae
1332 1467 1444 1534 dicitur
1457 1468 1538 1533 inter

286 1583 371 1650 vivos
393 1581 640 1661 irrevocabiliter,
662 1599 755 1666 quam
777 1581 873 1646 ctiam
896 1581 924 1648 si
945 1581 1027 1648 dicta
1049 1581 1213 1648 Catborina
1235 1582 1357 1648 ducissa
1378 1583 1460 1651 filios
1483 1603 1535 1648 su·

287 1699 416 1784 sciperct
438 1699 537 1766 valere
567 1699 598 1764 et
619 1697 736 1762 irritam
757 1716 819 1763 non
839 1714 929 1781 posse
952 1698 1101 1778 volumus,
1131 1699 1293 1765 reservatis
1322 1701 1426 1766 tamen
1448 1700 1537 1765 nobis

284 1816 397 1884 tutorio
418 1815 541 1882 nomine
563 1814 662 1879 dictae
685 1811 865 1878 Gatherinae
887 1812 1025 1879 ducissae
1051 1813 1203 1881 dictorum
1225 1815 1370 1884 bonorum
1394 1815 1537 1882 omnibus

285 1931 434 1998 fructibus
456 1935 489 1997 et
509 1929 606 1998 libera
634 1929 908 2010 mmmbbadono,
940 1929 1040 1996 eidam
1062 1930 1177 1998 Joanni
1198 1931 1269 1999 duci
1290 1929 1394 1997 mdem
1424 1931 1537 1996 tutorio

286 2047 410 2114 nomine
438 2045 603 2112 dummodo
631 2045 730 2130 ipsius
759 2045 889 2112 loannis
917 2044 1004 2112 ducis
1033 2046 1156 2114 donatio
1177 2067 1232 2132 per
1261 2046 1538 2132 supervenientium

286 2163 420 2230 liliorum
442 2161 538 2228 etiam
559 2161 661 2228 valida
684 2161 726 2226 sit
748 2163 779 2227 et
800 2163 867 2228 tam
888 2161 970 2228 dicto
992 2181 1085 2247 quarn
1100 2163 1202 2247 aliquo
1225 2162 1285 2230 alio
1307 2181 1379 2229 casu
1402 2181 1466 2230 non
1486 2182 1536 2228 re·

286 2281 416 2357 vocetrrr,
439 2278 597 2356 donamus,
619 2277 779 2361 ipsamque
801 2275 997 2344 Catherinam
1019 2278 1174 2344 dndssam
1203 2299 1273 2344 oum
1295 2279 1335 2345 ad
1363 2279 1537 2364 legitimam

286 2397 419 2462 aetatmn
439 2393 611 2479 pervenerit
639 2393 834 2460 donationem
855 2412 987 2478 paruos
1009 2395 1122 2461 tutorio
1145 2395 1268 2462 nomine
1290 2395 1405 2461 laetam
1426 2395 1536 2460 huius-

286 2509 370 2576 modi
391 2513 492 2576 ratam
514 2514 546 2576 et
566 2511 689 2595 matam
717 2510 893 2578 habituum
916 2528 952 2576 ao
974 2511 1011 2576 de
1033 2511 1180 2578 evictione
1209 2511 1360 2579 dictorum
1389 2511 1538 2578 bonorum

286 2627 383 2692 teneri
405 2627 483 2694 rollo
504 2623 726 2710 promissuram
747 2626 966 2712 promittimus,
989 2630 1021 2692 ot
1042 2627 1262 2712 obligationem
1283 2627 1434 2694 neuram
1455 2625 1537 2693 dicte

286 2743 418 2823 nomino,
440 2745 471 2810 ot
492 2761 546 2827 pro
575 2741 814 2826 praemissorum
836 2743 1045 2810 observatione
1074 2761 1130 2810 nos
1152 2747 1184 2810 et
1208 2744 1285 2808 bona
1306 2742 1410 2809 omnia
1431 2746 1538 2809 nostra

284 2859 459 2944 praesentia
481 2863 511 2926 et
534 2859 638 2926 lutura
659 2859 807 2926 interme
828 2858 905 2924 iuris
928 2858 1030 2924 valida
1044 2858 1126 2926 dioto
1147 2859 1270 2927 nomine
1292 2859 1476 2944 obligamus
1498 2858 1538 2923 lit

285 2975 487 3042 nibilominus
515 2975 628 3060 potiori
655 2993 709 3061 pro
738 2975 858 3042 cautela
879 2974 1025 3040 dilectum
1054 2975 1154 3040 filium
1182 2975 1333 3042 loannem
1363 2977 1537 3041 sanctornm

286 3089 413 3158 (barum
435 3094 467 3157 et
487 3091 635 3158 Damiani
656 3091 817 3158 diaconum
835 3091 1021 3156 cardinalem
1044 3090 1082 3156 de
1098 3089 1244 3158 Salviatis
1265 3093 1483 3175 nuncupatum,
1505 3091 1538 3156 in

286 3225 379 3292 regno
394 3207 540 3274 Francius
553 3211 693 3274 nonnum
716 3211 748 3273 et
762 3205 944 3291 apostolicae
960 3205 1048 3272 Sedis
1063 3207 1201 3292 legatum
1222 3208 1261 3272 de
1275 3207 1371 3273 latere
1392 3206 1433 3272 ad
1445 3224 1535 3290 prae·

287 3324 383 3388 missa
412 3324 516 3392 omnia
543 3344 597 3409 por
620 3343 653 3390 se
676 3325 723 3390 vel
745 3323 842 3388 alum
865 3341 919 3390 sau
940 3322 1018 3389 alios
1047 3325 1151 3390 nostro
1174 3327 1206 3389 et
1234 3322 1334 3389 dictm
1357 3320 1536 3388 Catherinae

286 3438 425 3506 cucuma
446 3441 570 3507 nomine
583 3438 756 3506 faciendum
778 3442 810 3504 et
832 3438 1039 3524 exequendum
1053 3457 1124 3504 cnm
1145 3439 1245 3524 plena,
1267 3439 1364 3504 libera
1385 3439 1417 3504 et
1434 3437 1537 3520 ampla

285 3555 431 3622 facultate
445 3556 540 3622 etiam
554 3556 583 3622 si
603 3557 680 3622 talia
694 3555 802 3634 lerant
824 3573 901 3639 quae
916 3555 1046 3638 speciale
1061 3555 1247 3640 requirerent
1260 3553 1450 3632 mandatam,
1465 3571 1535 3637 pro·

286 3675 456 3748 curatorem
477 3675 619 3738 nestnrm
640 3673 736 3738 emm
758 3671 925 3756 apostolica
947 3671 1127 3738 auctoritate
1150 3671 1366 3737 constituimus
1387 3671 1419 3734 et
1440 3669 1535 3753 dapn-

286 3791 398 3868 tamus,
427 3787 535 3856 danus
564 3787 744 3856 facultatem
765 3788 864 3854 eidem
886 3787 1001 3854 loanni
1028 3787 1178 3852 cardinali
1198 3790 1230 3853 et
1251 3786 1353 3871 legato
1376 3803 1466 3870 super
1488 3785 1537 3850 his

286 3922 480 3990 quaecunque
493 3905 699 3975 instrumenta
720 3907 752 3970 et
773 3903 940 3988 scripturas
954 3923 1025 3970 cum
1039 3903 1182 3970 omnibus
1203 3903 1350 3969 cbuaulia
1365 3904 1397 3969 at
1410 3901 1537 3968 eutem

287 4021 476 4101 masenius,
491 4021 591 4090 solitis
605 4025 638 4088 at
651 4022 829 4106 opportrmis
844 4021 878 4086 in
892 4019 1070 4106 praemissis
1085 4019 1224 4086 damandi
1257 4018 1322 4086 Nos
1337 4003 1421 4084 enim
1435 4018 1538 4084 omnia

287 4157 365 4225 qnae
381 4157 435 4223 per
449 4139 552 4223 ipsam
566 4139 718 4206 loannem
732 4138 857 4204 cardlom
873 4139 907 4203 in
928 4137 1106 4223 praemissis
1120 4137 1202 4204 dicto
1216 4137 1340 4203 nomine
1353 4138 1443 4220 gesta
1457 4135 1538 4200 lacta

287 4259 320 4324 ct
340 4257 493 4342 memissa
507 4257 629 4336 luerint,
651 4259 719 4322 rata
741 4257 773 4322 et
794 4257 884 4341 gruta
897 4255 1080 4322 habebimus
1102 4257 1134 4321 et
1155 4273 1191 4321 ex
1206 4273 1286 4320 nunc
1300 4256 1391 4337 prout
1412 4270 1448 4318 cx
1464 4253 1538 4318 tunc

287 4375 356 4440 rata
377 4377 409 4440 et
429 4374 520 4459 grata
541 4374 699 4454 babemus,
721 4372 883 4458 ipsumque
903 4371 1055 4438 loannem
1084 4371 1212 4438 carolem
1235 4371 1274 4436 ab
1297 4368 1439 4436 omnibus
1461 4385 1538 4452 puae

287 4511 341 4578 per
362 4511 433 4562 eum
454 4491 609 4577 praedicto
631 4490 754 4558 nomine
775 4493 865 4575 gesta
886 4488 1021 4556 lacteat
1049 4487 1201 4573 promissa
1223 4485 1337 4556 luerint
1363 4482 1538 4552 indemnem
