3400 5088
807 281 1150 401 -uo-'

300 525 402 612 magis
425 529 547 612 propter
561 527 746 595 desidenum
768 530 861 614 pacis,
884 530 989 597 faciles
1004 533 1035 597 at
1052 529 1210 616 benignas,
1233 531 1420 601 conditiones
1435 533 1552 614 tulisse,

299 663 392 727 quam
413 647 535 730 propter
558 644 773 712 difficultatem
795 646 1003 713 conditionum
1024 647 1093 731 paci
1113 648 1215 714 locum
1238 655 1298 715 nc‘n
1320 649 1479 734 reliquisse
1501 649 1550 714 ri·

300 760 396 827 deare.
443 761 508 828 Hoc
530 762 672 846 petimus,
695 762 752 828 hoc
774 763 940 842 hortamur,
969 782 1065 848 nequo
1088 764 1173 857 dubii¹
1196 783 1311 844 sumus,
1333 767 1364 831 te
1387 765 1551 832 adomnia

298 877 438 944 liberalia
460 879 492 943 et
513 879 648 944 hnmana
677 880 852 962 promptum
880 897 955 946 esse.
1002 877 1062 945 Sed
1084 882 1118 946 ut
1140 882 1194 946 tua
1223 883 1378 964 praeclara
1406 901 1494 949 mens
1516 883 1549 948 in

299 1013 354 1060 sua
376 994 513 1062 bonitate
534 995 566 1060 et
588 994 739 1061 sententia
760 996 939 1080 permaneat
952 995 1155 1080 deprecamur.
1200 995 1299 1063 Nemo
1313 1017 1448 1086 unquam
1463 999 1549 1083 prin-

298 1129 368 1194 ceps
382 1109 450 1189 uit,
473 1111 526 1195 qui
540 1111 656 1177 maiora
672 1112 801 1177 senserit
823 1131 895 1197 erga
919 1130 951 1178 so
965 1112 1023 1178 Dei
1039 1113 1256 1196 omnipotentis
1278 1114 1443 1197 promerita
1457 1133 1550 1199 quam

299 1229 420 1312 experta
443 1229 491 1293 est
513 1232 609 1294 centu
630 1229 699 1306 tua;
730 1228 783 1294 sed
812 1247 902 1295 nemo
925 1229 1019 1296 etiam
1042 1228 1144 1296 extitit
1167 1247 1302 1314 unquam
1324 1231 1377 1314 qui
1399 1231 1548 1298 illustrio-

298 1363 364 1410 rem
387 1345 575 1412 occasionem
596 1345 738 1411 habuerit
751 1345 925 1412 referendae
945 1344 995 1411 illi
1016 1343 1142 1430 gratiae.
1188 1343 1308 1412 Scimus
1323 1365 1380 1413 nos
1402 1349 1434 1413 et
1450 1349 1548 1414 testa-

296 1481 380 1538 mur,
410 1463 442 1527 et
464 1461 556 1528 vades
578 1462 610 1527 et
639 1481 798 1546 sponsores
826 1461 908 1528 inter
929 1462 960 1528 te
983 1462 1015 1527 et
1036 1461 1136 1528 Deum
1165 1481 1232 1528 esse
1261 1463 1410 1543 volumus,
1440 1463 1468 1529 si
1495 1466 1550 1530 tua

296 1577 477 1645 auctoritate
505 1579 537 1644 et
565 1577 728 1644 clementia
756 1579 807 1644 his
842 1576 990 1645 luctuosis
1019 1577 1207 1664 temporibus
1243 1579 1446 1645 constituetur
1482 1577 1549 1664 pai,

295 1694 416 1760 nullum
431 1713 567 1780 unquam
589 1693 757 1780 principem
772 1696 803 1761 et
824 1713 929 1779 regem
952 1693 1081 1773 nullum,
1104 1695 1160 1762 aut
1172 1693 1274 1761 maius
1289 1695 1469 1780 obsequium
1482 1697 1548 1763 Deo

295 1810 495 1895 praestitisse,
525 1812 579 1877 aut
600 1811 665 1877 nllo
692 1811 828 1896 tempore
850 1829 917 1877 esse
945 1811 1179 1895 praestaturum,
1209 1811 1362 1896 carpimur
1390 1811 1549 1896 paulatim,
1590 1871 1595 1880 .

295 1927 512 2007 concludimur,
535 1927 568 1994 in
583 1927 743 2012 angumim
758 1927 939 2012 redigimu13
963 1929 1053 2012 atquo
1076 1947 1112 1994 ex
1134 1928 1205 1994 orbe
1227 1929 1378 1995 terrarum
1399 1928 1548 2008 universo,

295 2044 347 2128 qui
369 2043 432 2110 fere
453 2045 537 2110 totus
560 2043 721 2128 aliquando
744 2043 810 2129 regi
832 2062 939 2128 regum
961 2041 1082 2109 Christo
1105 2043 1180 2110 Jesu
1204 2043 1348 2110 salvatori
1371 2045 1475 2110 nostro
1490 2063 1546 2128 pa-

294 2158 365 2239 ruit,
387 2159 421 2226 in
442 2159 506 2224 tres
527 2159 577 2225 vel
599 2160 728 2243 quatuor
750 2159 986 2227 christianitatis
1014 2159 1185 2244 provincias
1208 2160 1323 2245 repulsi
1351 2162 1382 2227 et
1404 2161 1549 2227 coarctati

295 2293 410 2353 sumus,
433 2293 509 2359 quae
532 2275 614 2342 solae
629 2276 747 2341 restant
768 2276 920 2360 integram
944 2275 1023 2342 aliae
1045 2276 1099 2340 aut
1122 2275 1243 2359 penitus
1259 2276 1324 2342 Deo
1346 2277 1547 2354 rebellarunt;

294 2392 348 2456 aut
369 2389 475 2474 impiis
505 2391 597 2457 sectis
619 2393 652 2457 ot
679 2391 837 2457 heresibus
867 2390 907 2456 ad
928 2391 1139 2457 rebellandum
1169 2393 1242 2457 sunt
1263 2392 1463 2477 propinquaa;
1493 2394 1547 2458 aut

294 2506 328 2573 in
350 2508 436 2573 tanto
458 2507 592 2592 periculo
614 2508 798 2574 constitutae
821 2509 908 2589 snut,
930 2509 967 2573 ut
988 2507 1077 2592 quasi
1098 2526 1153 2591 pro
1175 2507 1343 2592 desperatis
1365 2510 1397 2574 et
1417 2508 1547 2593 perditis

291 2623 469 2691 habeantur.
515 2622 671 2705 Quaenam
700 2643 883 2710 quaesumus
912 2625 1001 2691 huia
1029 2642 1085 2690 nos
1114 2623 1181 2709 agit
1209 2624 1371 2709 precipites
1404 2625 1462 2690 Dei
1490 2625 1545 2704 ira,

292 2741 328 2805 ut
350 2741 468 2824 postem
490 2741 522 2806 et
543 2739 702 2807 interitum
732 2742 872 2808 nostrum
894 2740 1020 2826 ipsimet
1048 2745 1305 2824 approperemus?
1334 2742 1546 2826 convertamur

293 2855 331 2922 ad
353 2857 456 2941 ipsum
477 2856 661 2933 Dominum3
684 2857 716 2922 ot
738 2877 808 2923 cum
830 2857 879 2923 illi
900 2857 963 2922 iras
986 2857 1017 2922 et
1038 2855 1305 2922 iniu1iasnostras
1327 2857 1543 2924 condonaveri-
1614 2853 1617 2860 “

292 2990 370 3052 mus,
394 2989 549 3056 speremus
572 2973 611 3038 ab
634 2991 668 3038 eo
691 2972 834 3057 consequi
863 2971 1119 3049 misericordiam
1148 2991 1226 3056 quae
1248 2974 1327 3039 corte
1356 2992 1416 3038 non
1439 2973 1544 3054 deerit,

292 3088 319 3153 si
342 3088 391 3172 pie
414 3090 445 3154 et
465 3087 624 3154 humiliter
646 3088 739 3155 tuerit
760 3088 865 3172 petite.
910 3089 950 3154 nt
972 3088 1048 3154 haec
1064 3089 1170 3154 tamen
1192 3088 1296 3154 omnia
1317 3089 1350 3155 in
1373 3108 1468 3155 manu
1489 3091 1543 3155 tua

290 3203 487 3288 potissimum
508 3203 555 3270 uli
578 3203 735 3270 oa1issime
765 3206 845 3271 sunt.
891 3200 950 3284 Qui
975 3204 1003 3269 si
1025 3206 1055 3271 te
1078 3206 1113 3270 ut
1127 3203 1316 3286 confidimus,
1339 3205 1378 3271 ad
1399 3207 1543 3272 constans

291 3319 375 3403 pacis
404 3319 566 3386 consilium
595 3320 795 3400 convertaris,
825 3321 914 3386 erunt
936 3321 988 3386 tuo
1017 3320 1110 3387 ductu
1139 3322 1170 3386 et
1193 3321 1320 3403 imperio
1349 3341 1410 3387 non
1440 3322 1542 3388 salvae

291 3435 390 3500 solum
405 3435 641 3502 christianitatis
663 3455 720 3517 res,
743 3455 848 3502 verum
871 3435 965 3502 eham
981 3435 1129 3503 florentes.
1167 3435 1238 3502 Non
1253 3436 1353 3503 minor
1374 3439 1423 3503 est
1444 3438 1542 3523 gloria

289 3569 410 3635 parcere
432 3551 571 3618 hostibus
594 3552 730 3632 deuotis,
753 3571 845 3638 quam
868 3569 919 3618 eos
941 3551 1074 3629 vincere;
1097 3552 1196 3636 pietas
1219 3553 1321 3618 autem
1344 3555 1375 3619 ot
1391 3553 1488 3619 virtus
1511 3555 1542 3620 ot

290 3666 439 3750 sapientia
468 3668 567 3733 multo
590 3669 696 3748 maior,
719 3686 773 3753 pro
796 3667 920 3734 coelesti
941 3667 1070 3751 imperio
1093 3667 1170 3734 ferre
1195 3668 1284 3753 signa
1305 3669 1339 3734 in
1354 3669 1413 3734 Dei
1427 3670 1540 3750 hostes,

288 3801 380 3866 quam
403 3801 457 3866 pro
478 3784 607 3850 terrenis
630 3785 719 3851 rebus
742 3783 923 3868 depugnare.
968 3780 1034 3849 Nos
1063 3785 1143 3850 certe
1172 3783 1313 3850 ardentes
1334 3785 1540 3854 benivolentia

288 3915 360 3982 erga
382 3899 422 3976 to,
451 3899 483 3962 et
505 3899 606 3966 studio
635 3899 735 3965 laudis
757 3899 842 3976 tuae;
871 3917 907 3964 aa
937 3899 1124 3965 consulimus
1153 3899 1220 3979 tihi,
1249 3919 1326 3984 quae
1355 3900 1540 3968 arbitramur

289 4012 425 4094 utilitati,
448 4013 603 4100 dignitati,
618 4015 815 4100 amplitudini
829 4016 899 4080 tuae
914 4014 1148 4080 accommodata.
1194 4013 1275 4096 Quid
1290 4015 1441 4082 Dominus
1456 4017 1538 4083 Deus

288 4130 420 4213 appetat,
442 4130 636 4215 perspicuum
658 4133 714 4210 est,
742 4131 864 4196 nullum
887 4129 1009 4214 quidem
1031 4129 1080 4195 illi
1102 4131 1151 4196 ost
1172 4149 1245 4216 pace
1273 4121 1392 4216 gratim
1415 4133 1446 4197 et
1468 4132 1537 4215 pla-

287 4245 416 4311 cabilius
439 4246 629 4312 sacrificium.
674 4247 740 4312 Tua
762 4265 849 4312 mens
864 4246 929 4312 mm
951 4245 1083 4329 plurime
1106 4250 1137 4313 et
1151 4246 1323 4313 clarissima
1347 4247 1436 4331 signa
1453 4246 1539 4313 dedit

287 4359 411 4426 virtutis
434 4362 465 4426 et
494 4361 651 4447 religionis
673 4362 706 4428 in
730 4381 886 4430 summum
907 4361 1009 4429 Deum
1037 4362 1185 4442 mamma,
1214 4379 1304 4429 nemo
1333 4364 1381 4428 est
1403 4363 1538 4447 quinon

285 4475 330 4542 ila
358 4475 512 4544 oxhhmet
534 4478 566 4544 et
593 4496 738 4564 personae
761 4480 792 4545 et
814 4477 976 4565 dignitatis
1007 4477 1077 4545 tuae
1099 4479 1201 4565 ipsum
1231 4497 1298 4545 esse
1319 4479 1481 4564 pauonum
1504 4481 1535 4546 et
