3346 5084
650 365 895 432 ..461-

144 555 278 626 adrem
307 561 338 625 et
367 559 542 626 authentica
571 561 733 646 originalia
755 563 787 628 et
815 561 892 626 talia
921 560 1064 627 contenta
1085 559 1119 626 in
1148 559 1291 644 capitulis
1320 579 1396 645 quae

143 655 305 740 actualiter
326 675 462 742 exhibuit
485 677 516 742 et
537 675 686 760 produxit,
709 678 740 743 et
763 695 853 760 super
867 673 977 760 quibus
999 675 1089 759 petiit
1111 655 1277 761 diligenter
1298 675 1395 742 inter·

143 808 250 874 rogare
279 791 374 858 testes
403 791 614 876 infrascriptos
643 791 764 858 ridetur
792 811 815 857 r.
845 791 873 856 d.
903 791 1035 857 Paulum
1064 791 1193 856 Vesium
1221 789 1396 874 episcopum

143 888 325 972 Cassensem
348 906 573 992 suffraganeum
588 907 653 986 etc,
677 907 708 974 et
730 927 752 972 r.
769 907 797 973 d.
816 906 996 991 Philippum
1017 907 1196 991 Raeponm
1217 906 1396 972 canonicum

143 1041 199 1087 nec
221 1041 283 1088 non
304 1022 395 1104 petiit
409 1022 561 1088 committi
577 1021 789 1088 iusiurandum
811 1021 887 1088 adr.
903 1021 931 1087 d.
947 1021 1145 1107 equitantem
1168 1021 1205 1087 de
1222 1019 1395 1088 Salamoni-

142 1138 202 1202 bus
224 1137 318 1203 etiam
341 1138 519 1204 canonicum
535 1139 800 1204 Ravennatensem
824 1137 1006 1204 existentem
1028 1138 1061 1203 in
1076 1137 1142 1203 eius
1157 1138 1247 1204 domo
1270 1137 1303 1202 in
1318 1136 1395 1203 civi-

143 1253 208 1318 tate
238 1252 400 1320 Ravennae
430 1254 565 1338 graviter
594 1253 752 1320 infirmum
781 1255 813 1319 et
835 1253 924 1319 aliter
954 1271 1126 1337 comparere
1155 1271 1216 1318 non
1244 1255 1396 1319 valentem

144 1369 292 1453 tanquam
322 1369 398 1435 bene
428 1367 608 1436 informatos
631 1369 668 1435 de
697 1369 814 1434 iuribus
843 1370 875 1435 et
897 1368 1048 1435 contentis
1077 1368 1110 1433 iu
1132 1368 1224 1434 dictis
1253 1367 1396 1451 capitulis

142 1483 253 1568 quibus
276 1484 417 1550 omnibus
440 1484 549 1550 deferri
578 1485 784 1551 iuramentum
807 1483 844 1550 de
867 1483 995 1550 veritate
1024 1484 1159 1550 dissutas
1187 1503 1276 1568 super
1304 1483 1395 1549 dictis

142 1599 286 1684 capitulis
308 1602 339 1666 et
361 1600 511 1666 contentis
533 1599 566 1665 in
588 1599 633 1666 eis
656 1599 781 1665 remotis
804 1601 860 1666 etc.
883 1600 1062 1666 Proteetans
1085 1618 1139 1684 per
1153 1618 1221 1666 enm
1238 1618 1299 1665 non
1314 1600 1395 1665 stare

143 1734 240 1800 neque
264 1715 386 1781 stetisse
408 1715 483 1799 quin
506 1714 581 1782 dicti
603 1716 707 1780 testes.
721 1714 933 1781 examinentur
954 1717 986 1780 ct
1006 1717 1042 1782 ut
1065 1733 1157 1798 supra
1178 1717 1397 1798 recognoscunt

142 1833 175 1896 et
198 1831 357 1897 veritatem
387 1850 440 1916 pro
464 1832 590 1916 utraque
612 1833 699 1915 parte
721 1830 825 1896 dicant
847 1833 878 1896 ct
900 1831 958 1896 hoc
979 1831 1063 1898 omni
1085 1830 1205 1897 meliori
1227 1830 1316 1896 modo
1340 1831 1394 1898 etc.

233 1947 376 2013 Prosente
399 1946 479 2012 dicto
502 1945 531 2012 d
554 1945 681 2014 Nicolao
711 1947 792 2012 dicto
822 1945 944 2013 nominc
966 1948 997 2012 et
1026 1945 1154 2029 prefatis
1183 1963 1244 2011 non
1266 1963 1393 2012 consen-

142 2061 238 2128 tiente
260 2063 449 2147 ncganteque
471 2061 567 2128 libros
589 2063 722 2129 assertos
752 2063 887 2148 repertos
910 2062 943 2127 in
965 2062 1082 2129 asserto
1103 2060 1238 2127 archivio
1260 2060 1395 2126 civitatis

141 2177 304 2244 Ravenme
325 2177 421 2243 fuisse
443 2177 622 2257 autenticos,
651 2197 768 2246 necnon
791 2176 910 2245 dicente
938 2195 999 2244 non
1021 2195 1088 2244 esse
1114 2175 1333 2244 deveniendum
1356 2176 1395 2242 ad

142 2292 265 2376 aliquod
288 2311 414 2359 eramen
437 2311 506 2358 cum
529 2312 590 2360 non
613 2292 656 2358 ait
678 2345 841 2363 ......
864 2292 987 2378 aliquod
1016 2312 1142 2360 examen
1165 2293 1395 2360 serenissimum

139 2407 355 2492 imperatorem
377 2407 410 2475 in
432 2408 531 2475 literis
554 2408 738 2475 dimissoriis
761 2409 878 2493 prefato
901 2409 1064 2494 magnifico
1087 2409 1116 2476 d.
1139 2409 1290 2493 potestate
1313 2410 1344 2476 et
1367 2409 1395 2476 si

141 2543 228 2590 secus
251 2523 367 2591 factum
388 2524 481 2591 buerit
502 2526 689 2609 protestante
711 2525 748 2592 de
772 2524 923 2592 nullitate.

230 2637 290 2720 Qui
316 2640 499 2725 magnificus
528 2640 557 2707 d
586 2642 722 2726 potestas
751 2642 782 2708 et
810 2640 1039 2707 commissarius
1062 2640 1169 2707 sedens
1191 2643 1248 2708 etc.
1277 2642 1395 2726 prefata

142 2753 271 2822 admisit
293 2756 320 2820 ai
343 2757 374 2822 et
395 2756 429 2822 in
452 2758 610 2842 quantum,
633 2759 665 2824 et
687 2757 894 2824 iuramentum
916 2755 1039 2822 desubit
1056 2757 1223 2824 monitione
1245 2757 1396 2841 premissa

141 2871 269 2956 prefatis
292 2893 316 2939 r.
339 2871 367 2938 d.
392 2873 487 2939 Paulo
511 2873 604 2941 Vesio
629 2873 768 2957 episcopo
790 2873 856 2952 eto,
885 2873 917 2938 et
939 2871 1138 2956 suffraganeo,
1160 2874 1192 2939 et
1213 2894 1242 2939 n.
1266 2870 1294 2938 d.
1317 2871 1394 2948 Phi-

140 2987 224 3072 lippo
240 2987 382 3073 Raspono
405 2988 548 3055 canonico
571 2989 602 3055 et
616 2987 808 3072 presentibus
831 2989 863 3055 et
877 2987 1039 3054 iurandum
1062 2988 1101 3053 ad
1120 3007 1205 3055 sacra
1220 2989 1278 3055 Dei
1300 3007 1393 3055 evan·

140 3101 223 3188 gelia
243 3103 387 3190 manibus
410 3105 501 3170 tactis
525 3103 683 3188 scripturis
706 3103 868 3170 veritatem
896 3103 996 3171 dicere
1018 3123 1108 3189 super
1138 3102 1228 3170 dictis
1251 3103 1394 3188 capitulis

140 3219 295 3304 productis
318 3221 350 3286 ct
372 3220 498 3287 remotis
520 3221 552 3286 et
573 3220 658 3286 omni
680 3219 799 3286 meliori
822 3219 912 3287 modo
935 3221 991 3288 etc.

231 3335 376 3403 Prcsente
397 3335 478 3402 dicto
501 3336 529 3402 d
552 3338 744 3420 procuratore
765 3335 810 3400 ill.
826 3334 854 3401 d.
870 3335 956 3402 ducis
971 3335 1115 3414 Ferrarie,
1138 3337 1170 3401 et
1191 3335 1318 3420 prelatis
1334 3356 1394 3402 non

141 3451 357 3532 consentiente,
380 3453 412 3519 et
435 3451 471 3518 da
493 3451 637 3519 nullitate
659 3452 855 3535 protestante.

231 3567 376 3634 Preeente
397 3568 513 3651 prefato
536 3588 565 3634 n.
589 3566 617 3634 d.
640 3566 687 3632 Jo.
711 3567 801 3632 Petro
824 3567 961 3633 Ferretto
990 3567 1181 3651 procuratore
1210 3565 1347 3633 eiusdem
1371 3587 1394 3635 a.

141 3684 170 3751 d
192 3704 222 3752 n.
244 3703 340 3769 papae
363 3685 394 3750 et
416 3683 450 3749 in
471 3683 553 3750 dicto
583 3682 713 3750 termino
736 3683 808 3748 dato
831 3682 1081 3767 adprobandum
1108 3684 1140 3748 et
1162 3682 1394 3767 exemplandum

142 3802 174 3868 et
197 3801 362 3884 scripturas
385 3801 417 3866 et
439 3800 500 3866 alia
528 3799 719 3866 munimenta
748 3798 1020 3884 recognoscendum
1044 3798 1204 3864 actualiter
1224 3797 1393 3882 producen-

141 3915 214 3980 dam
236 3916 388 4000 quandam
405 3916 522 3981 bullam
538 3914 780 3982 vetustissimam
802 3913 1011 3998 incipientem:
1028 3951 1071 3961 —
1087 3912 1221 3980 ioannes
1236 3913 1394 3997 episcopus

143 4051 247 4098 servus
271 4051 426 4098 servorum
448 4031 507 4098 Dei
533 4031 700 4098 venerabili
722 4030 810 4096 fratri
838 4031 977 4115 episcopo
999 4029 1199 4096 Arinionensi
1227 4030 1259 4095 et
1281 4029 1395 4095 omisso

141 4149 244 4214 tenore
266 4147 365 4214 dictae
388 4148 490 4214 bullae
513 4149 570 4214 sub
593 4147 664 4213 data
688 4146 833 4213 Arinioni
855 4145 971 4212 decimo
985 4145 1138 4213 'kalendas
1160 4145 1295 4229 Augusti
1316 4163 1394 4230 pon·

100 4288 119 4310 ν
142 4264 277 4330 titicatus
307 4264 405 4330 nostri
435 4283 514 4331 anno
544 4264 666 4348 quinto,
696 4282 766 4330 oum
798 4263 938 4346 plumbo,
967 4262 1042 4328 item
1073 4262 1167 4327 aliam
1197 4261 1395 4345 incipientem

142 4381 318 4448 Venerabili
340 4380 428 4446 fratri
450 4379 589 4465 episcopo
611 4378 796 4446 Bononiensi
819 4379 876 4444 sub
899 4377 972 4444 data
993 4377 1137 4444 avinioni
1165 4376 1282 4444 decimo
1305 4377 1396 4444 tertio

142 4496 288 4566 kalendae
312 4497 489 4565 Decembris
513 4495 707 4582 pontificatus
730 4513 809 4563 anno
832 4494 946 4580 quinto.
985 4495 1064 4592 Item
1088 4495 1180 4561 aliam
1203 4493 1321 4560 bullam
1344 4493 1393 4560 in-
