3400 5088
763 387 1007 452 -114-

257 583 406 649 statutum
437 582 599 656 bohemum
630 581 663 646 in
686 601 744 664 quo
769 581 845 647 ratio
876 583 914 646 ab
938 581 991 646 illo
1021 599 1139 666 quoque
1168 579 1316 645 habeatur
1344 579 1509 665 dignitatis

257 700 391 776 nostrae3
415 717 471 764 nec
493 699 557 763 ulla
579 697 612 763 in
635 717 666 762 re
689 696 792 762 deesse
815 698 955 763 volumus
978 715 1055 781 quae
1078 696 1120 762 sit
1137 697 1209 780 apta
1232 695 1271 760 ad
1294 695 1509 762 stabiliendam

256 816 287 880 et
301 814 539 899 perpetuandam
554 813 650 896 ipsius
674 811 924 896 amplitudinem3
947 833 1017 878 curn
1032 814 1135 878 autem
1158 830 1238 876 nune
1261 829 1377 896 quoque
1400 811 1508 876 mitte-

256 949 358 996 remus
380 949 445 995 ven.
476 929 511 993 fr.
542 930 680 993 nostrum
703 927 872 993 Antonium
903 927 1078 1013 episcopum
1108 925 1328 994 Pistoriensem
1357 927 1508 1011 prelatum

255 1047 393 1112 nostrum
416 1043 617 1109 domesticum
640 1045 671 1108 et
693 1041 785 1107 huius
808 1043 942 1109 eiusdem
973 1043 1067 1108 officii
1089 1061 1180 1109 cansa
1203 1044 1234 1108 et
1256 1044 1291 1107 ut
1313 1043 1508 1108 carissimum

255 1161 289 1226 in
312 1161 433 1226 Christo
456 1159 554 1224 filium
586 1159 724 1224 nostrum
747 1159 942 1224 Franciscum
973 1161 1028 1226 etc.
1052 1159 1177 1224 nomine
1207 1157 1311 1224 nostro
1340 1159 1451 1224 viseret
1473 1177 1509 1223 ae

255 1277 468 1354 consolaretur,
492 1274 571 1360 quod
594 1273 728 1340 officium
744 1293 797 1357 pro
819 1275 932 1340 honore
955 1295 1045 1359 quem
1061 1275 1196 1360 gerimus
1220 1273 1300 1340 11111
1320 1271 1434 1339 Christi
1458 1293 1507 1339 re-

254 1393 442 1475 presentates
464 1391 495 1457 et
510 1409 564 1474 pro
579 1409 614 1455 ea
636 1388 843 1454 misericordia
859 1408 951 1474 quam
973 1389 1098 1455 afflictis
1121 1389 1275 1470 debemus,
1298 1389 1337 1455 ad
1360 1407 1414 1456 nos
1437 1409 1506 1456 ma·

255 1507 334 1573 xime
364 1505 565 1572 iudicavimus
595 1505 759 1589 pertinere,
790 1505 1003 1571 mandavimus
1032 1505 1081 1571 illi
1102 1508 1136 1571 ut
1166 1525 1235 1572 cum
1265 1505 1426 1571 nobilitate
1454 1507 1508 1571 tua

256 1621 358 1706 aliqua
387 1621 488 1688 verbis
518 1621 632 1687 nostris
661 1622 849 1705 loqueretur;
879 1621 1037 1687 hortamur
1067 1620 1194 1687 eandem
1223 1623 1342 1687 nob.tem
1364 1623 1451 1687 tuam
1473 1621 1508 1687 in

255 1739 386 1804 Domino
408 1740 443 1804 ut
465 1757 535 1803 eum
557 1736 688 1821 benigne
710 1736 814 1802 audire
837 1735 987 1820 fidemque
1009 1737 1058 1802 illi
1079 1737 1113 1803 in
1135 1737 1277 1803 omnibus
1300 1736 1506 1803 indubitatam

254 1854 365 1919 habere
393 1852 476 1918 volit.
520 1851 636 1916 Datum
668 1851 782 1916 Romae
811 1851 860 1917 die
883 1851 933 1918 xii.
957 1851 1063 1918 Martii
1084 1852 1203 1918 mdxrv.
1248 1853 1338 1918 Anno
1368 1852 1505 1918 secundo.

856 2111 907 2178 83.

529 2275 572 2335 G.
594 2275 829 2335 salamancae
851 2275 978 2336 Comltl
1002 2275 1233 2350 Ortsmburg.

343 2431 460 2496 Dilecto
475 2429 528 2496 fili.
568 2428 728 2512 Optimum
743 2429 881 2495 animum
903 2429 1049 2530 principis
1065 2429 1155 2496 istius
1179 2430 1266 2497 nobis
1282 2431 1365 2497 omni
1387 2431 1505 2498 ratione

252 2546 426 2613 charissimi
448 2548 538 2630 atquc
560 2547 648 2611 tuum
671 2564 743 2631 erga
766 2545 964 2611 christianam
988 2545 1207 2631 rempublicam
1237 2549 1327 2631 atque
1350 2566 1414 2627 nos,
1444 2546 1504 2613 etsi

252 2683 371 2747 semper
392 2663 556 2728 habuimus
578 2661 778 2745 perspectum,
807 2664 911 2727 tamen
933 2661 1013 2745 quod
1035 2663 1100 2728 eins
1131 2661 1241 2728 molius
1271 2661 1450 2729 ostendendi
1472 2667 1504 2729 et

252 2778 386 2845 beneda
409 2777 514 2842 eadem
536 2776 703 2842 christiana
726 2776 879 2858 republica
901 2777 1091 2860 promerendi
1123 2778 1298 2844 facultatem
1321 2778 1410 2844 nobis
1432 2797 1501 2844 am-

250 2895 377 2979 pliorem
400 2892 550 2959 Dominus
572 2892 656 2957 Deus
678 2891 820 2957 attribuit
841 2890 874 2956 id
896 2895 976 2958 certe
995 2895 1029 2958 'et
1052 2896 1156 2959 nostra
1179 2895 1210 2959 et
1232 2895 1286 2959 tua
1308 2896 1339 2960 et
1361 2893 1499 2960 omnium

250 3009 453 3095 gratulatione
475 3007 604 3092 dignum
627 3008 688 3084 est;
710 3006 795 3073 dedit
817 3008 900 3074 enim
922 3009 988 3091 ipse
1010 3009 1062 3094 qui
1077 3009 1180 3075 omnia
1204 3029 1257 3076 suo
1279 3008 1401 3075 infinito
1424 3028 1497 3076 corr·

249 3127 319 3191 silio
342 3125 515 3191 moderatur
537 3123 674 3189 Caesaris
701 3121 840 3206 partibus
864 3142 931 3189 eam
954 3125 1112 3190 victoriam
1135 3125 1221 3190 ornus
1252 3124 1386 3191 similem
1416 3125 1502 3190 nulla

250 3242 351 3307 secula
380 3239 528 3319 viderunt,
559 3257 614 3305 nec
643 3237 820 3304 dubitamus
849 3237 922 3322 quin
945 3241 975 3304 et
998 3239 1025 3304 is
1048 3239 1087 3305 ad
1116 3241 1266 3323 optimum
1295 3241 1390 3307 finem
1412 3241 1499 3305 111111

247 3355 437 3441 benignitate
452 3355 485 3421 in
501 3354 729 3420 serenissimum
745 3351 905 3420 Caesarem
920 3356 951 3420 et
966 3355 1091 3421 fratrem
1105 3356 1203 3439 ipsius
1218 3356 1285 3439 pari
1300 3356 1412 3422 virtute
1427 3375 1497 3441 pre·

248 3471 348 3538 ditum
370 3491 444 3536 usus
467 3469 510 3535 sit
531 3471 562 3536 et
591 3471 680 3535 ambo
704 3470 768 3535 sint
789 3469 887 3554 ipsius
918 3469 1072 3555 singulare
1094 3470 1275 3537 beneficium
1297 3471 1337 3536 ad
1359 3471 1496 3539 eiusdem

246 3587 368 3652 laudem
390 3605 425 3651 ac
447 3585 538 3651 decus
560 3585 747 3660 conversum
771 3585 888 3651 videtur
904 3589 983 3652 certe
1005 3587 1088 3671 pacis
1111 3587 1211 3654 omnis
1235 3588 1370 3671 potestas
1386 3587 1425 3653 ad
1446 3606 1498 3654 eos

246 3702 362 3778 delatn;
386 3719 477 3784 quam
495 3702 531 3766 nt
552 3701 774 3784 apprehendere
790 3704 821 3767 et
843 3720 946 3786 rogere
969 3704 1000 3767 et
1022 3703 1224 3787 temperantia
1240 3721 1275 3768 ac
1291 3685 1514 3770 moderatione

246 3818 423 3902 perpetuam
446 3816 506 3881 sibi
527 3816 605 3880 hanc
621 3815 779 3882 victoriam
802 3819 833 3883 11
855 3817 985 3901 gloriam
1003 3837 1177 3884 conservare
1193 3817 1290 3884 velint
1312 3839 1373 3885 non
1395 3819 1495 3886 solum

243 3931 462 4016 expectandum
485 3931 602 3996 abillis
625 3933 672 3996 est
689 3933 741 3998 sed
756 3935 788 3999 et
802 3933 926 3999 illorum
942 3933 1050 3999 virtuti
1073 3953 1107 3999 ac
1130 3933 1298 4017 sapientiae
1313 3954 1497 4019 magnopere

245 4046 464 4113 confidendum.
510 4045 575 4113 Nos
599 4046 636 4111 ad
666 4048 747 4113 hunc
770 4049 899 4114 eundem
929 4049 1021 4115 finem
1050 4048 1133 4133 pacis
1156 4049 1237 4115 inter
1260 4049 1443 4116 christianos
1466 4053 1497 4116 et

244 4161 479 4230 christianitatis
502 4162 645 4228 adversus
668 4165 779 4247 impios
803 4164 861 4230 Dei
889 4164 993 4231 hostes
1015 4164 1219 4230 defendendae
1249 4165 1352 4231 omnia
1375 4183 1494 4250 semper

243 4279 347 4345 nostra
369 4277 496 4342 consilia
518 4277 698 4356 direximus3
721 4299 898 4364 summeque
912 4279 1063 4345 laetamur
1084 4279 1163 4346 hanc
1186 4299 1303 4365 quoque
1325 4281 1494 4348 devotionis

243 4397 313 4460 tuae
336 4395 471 4459 montem
493 4396 524 4458 et
539 4393 727 4460 voluntatem
750 4415 824 4460 esse.
862 4393 961 4475 Quam
984 4395 1097 4461 ortuis
1121 4395 1292 4481 intelligere
1307 4395 1420 4462 littaris
1436 4395 1495 4462 init

241 4509 330 4575 nobis
352 4508 582 4583 charissimum
605 4513 636 4574 et
658 4509 802 4594 quoniam
818 4511 896 4575 sicut
919 4513 1021 4577 nostra
1046 4531 1132 4576 mens
1148 4531 1216 4576 eum
1240 4511 1316 4595 ipsis
1333 4511 1493 4578 serenissi-
