3346 5084
781 349 1026 418 ..430-

278 547 381 613 aretam
403 545 596 614 thelonenses
611 565 724 628 muros,
747 549 778 614 11
800 566 905 614 omnes
920 548 1025 632 portas
1040 546 1175 613 civitatis
1197 547 1229 613 11
1244 545 1390 632 quidquid
1405 547 1535 614 ecclesia

277 663 519 730 Ravennatensis
534 664 628 729 habet
641 663 675 729 in
689 665 829 730 exarcatu
845 665 1015 742 Ravennae,
1034 663 1065 728 st
1080 661 1274 742 Comaclanss
1289 663 1445 742 comitatu,
1460 683 1533 729 cnm

278 778 442 844 honoribus
459 781 491 845 11
512 778 712 864 pertinentiis
736 778 807 858 suis,
830 778 1011 846 comitatum
1042 777 1124 844 idest
1146 778 1247 862 ipsam
1268 777 1438 863 Argentam
1460 797 1533 845 cum

278 893 354 978 pado
383 894 459 978 ripis
481 894 652 978 paludibus,
681 894 712 960 et
741 894 881 978 piscariis
904 894 977 974 suis,
1000 894 1155 973 contraiis,
1185 895 1253 974 riis,
1275 894 1406 978 pascuis,
1435 894 1533 974 silvis,

277 1009 453 1093 publicariis
475 1009 634 1088 universis,
656 1010 688 1076 et
710 1029 780 1076 cum
801 1011 921 1094 integro
944 1011 1091 1076 comitatu
1113 1008 1268 1094 argentae
1291 1011 1323 1075 11
1346 1010 1469 1094 reliqua.

368 1124 406 1189 In
428 1124 488 1191 fine
511 1125 597 1190 cuius
612 1124 767 1210 privilegii
789 1124 903 1210 legitur
920 1127 1058 1204 „cunctis
1081 1126 1185 1192 antem
1200 1125 1300 1191 eidem
1315 1126 1380 1191 loco
1396 1144 1450 1190 sua
1465 1124 1534 1189 iura

279 1239 471 1306 servantibus
495 1241 537 1305 sit
558 1259 616 1322 pax
632 1241 749 1307 domini
771 1241 868 1307 nostri
883 1240 957 1306 Jesu
975 1239 1089 1307 Obristi
1112 1242 1261 1324 quatenus
1279 1240 1311 1306 11
1333 1240 1383 1305 bio
1398 1240 1532 1305 fructum

280 1356 376 1421 bonae
398 1355 527 1422 actionis
549 1355 718 1440 percipiant
739 1358 770 1423 et
793 1356 873 1441 apud
892 1356 1068 1422 districtum
1090 1355 1221 1423 iudicem
1244 1357 1379 1439 praemia
1393 1357 1535 1420 aetarnae

280 1471 364 1554 pacis
386 1471 680 1539 11111111111111.1

628 1682 819 1742 Concessio
843 1681 960 1743 castri
984 1683 1187 1743 Britonoril.
1329 1677 1332 1682 '

370 1817 541 1885 Alexander
562 1818 721 1902 episcopus
744 1837 847 1884 servus
872 1837 1027 1885 servorum
1042 1819 1100 1884 Dei
1123 1817 1288 1884 venerabili
1312 1814 1533 1883 1111111111-

283 1934 461 2003 vennatensi
476 1933 700 2018 archiepiscopo
715 1935 746 2000 at
761 1933 882 2001 dilectis
897 1933 971 2000 filiis
987 1933 1206 2012 archidiacono,
1229 1933 1382 2018 preposito
1397 1933 1429 1998 et
1443 1933 1534 1998 choro

282 2050 508 2117 Ravennatonsi
524 2050 655 2115 salutem
679 2051 710 2115 et
732 2050 930 2134 apostolicam
946 2049 1195 2116 benedictionem.
1233 2048 1385 2116 Novimus
1400 2049 1432 2114 et
1445 2049 1533 2114 tene-

282 2185 352 2232 mus
368 2185 403 2232 ex
418 2164 590 2250 privilegiis
605 2164 694 2231 nobis
709 2166 988 2249 representantibus
1003 2165 1151 2249 quomodo
1167 2165 1291 2249 qnidam
1310 2164 1535 2250 predecessores

283 2283 381 2348 nostri
411 2280 555 2348 ecclesiae
578 2280 696 2346 vestrae
725 2281 897 2347 exarcatum
921 2282 953 2348 at
974 2282 1119 2348 ducatum
1141 2281 1304 2346 1111111111
1334 2279 1481 2346 dedemnt
1504 2281 1536 2344 et

282 2395 418 2481 plerique
432 2395 717 2481 aliipradecessores
734 2396 840 2476 nostri,
856 2396 908 2480 qui
918 2396 962 2464 eis
977 2398 1186 2463 successerunt
1195 2396 1331 2480 ipsomm
1341 2395 1535 2462 donationem

283 2512 454 2597 privilegiis
477 2512 703 2592 confirmarunt,
725 2510 805 2578 unde
827 2511 899 2596 quia
921 2513 1055 2578 castrum
1077 2513 1109 2578 ct
1130 2513 1294 2579 comitatus
1318 2511 1355 2578 de
1370 2508 1537 2576 Britionrio

283 2628 364 2695 infra
386 2626 514 2694 eundem
538 2629 712 2694 exarcatum
727 2628 893 2695 consistere
908 2628 1020 2694 dicitm
1036 2628 1115 2694 sicut
1137 2630 1262 2712 apparat
1281 2645 1316 2694 ax
1339 2625 1470 2711 publicis
1485 2624 1536 2690 in-

285 2744 473 2824 strumentis,
496 2763 551 2810 111
566 2744 714 2810 fervorem
729 2743 908 2824 1111111111,
931 2764 1023 2829 quam
1045 2745 1172 2811 ecclesia
1191 2745 1223 2810 11
1237 2743 1347 2810 civitas
1370 2794 1377 2809 .
1401 2794 1408 2808 .
1432 2793 1440 2808 .
1463 2792 1471 2807 .

374 2859 504 2944 Reliqua
526 2858 643 2926 desunt.

375 3090 419 3156 Ex
428 3090 507 3157 libro
516 3108 628 3174 magno
637 3089 834 3157 conciliorum
844 3092 965 3157 sanctas
980 3091 1223 3158 Ravennatensis
1232 3089 1384 3168 ecclesiae,
1393 3088 1446 3173 qni
1461 3088 1540 3154 liber

287 3207 425 3274 servatur
446 3207 479 3273 in
501 3205 665 3272 biblioteca
687 3203 823 3271 eiusdem
845 3205 989 3272 ecclesiae
1010 3207 1043 3273 in
1067 3207 1254 3274 membranis
1277 3204 1384 3289 magni
1405 3205 1539 3287 corporis

287 3325 319 3388 et
340 3322 506 3388 voluminis
530 3321 684 3406 miraeque
703 3323 867 3388 vetustatis
890 3322 1021 3406 acapite
1037 3323 1122 3388 11111
1145 3322 1253 3406 incipit
1276 3339 1419 3387 numerus
1442 3317 1538 3385 xxxiv.

290 3438 390 3518 „Item
406 3437 543 3504 eiusdem
558 3436 597 3502 ad
606 3437 812 3504 Alexandrum
822 3437 1071 3505 anthiochenum
1085 3439 1260 3523 episcopum
1278 3437 1424 3521 111111·
1440 3433 1539 3500 literis

289 3553 398 3634 rubris,
420 3554 452 3619 11
474 3553 572 3638 nigris
595 3554 711 3638 etpost
733 3555 862 3638 quatuor
885 3555 984 3619 cartas
1007 3553 1116 3639 incipit
1136 3554 1237 3619 literis
1253 3552 1353 3618 rubris
1368 3551 1425 3617 hoc
1441 3549 1539 3630 modo,

291 3669 367 3750 ,bec
389 3669 519 3735 babetur
541 3669 669 3752 prefatio
686 3667 1065 3737 (11111111111111111111
1088 3688 1237 3735 canonum
1246 3674 1268 3746 ⁸,
1291 3667 1367 3733 item
1383 3665 1542 3733 concordia

289 3803 448 3864 canonum,
471 3785 548 3852 item
570 3784 727 3852 concordia
743 3803 892 3851 canonum
908 3783 1112 3850 conciliorum
1136 3783 1252 3850 Deinde
1276 3783 1443 3866 sequnntur
1465 3781 1542 3848 duae

289 3902 428 3986 paginae,
451 3919 521 3966 cnm
535 3900 722 3984 imaginibus
739 3900 897 3967 duodecim
912 3899 1118 3985 apostolorum
1135 3900 1212 3967 mire
1227 3899 1362 3984 picturae
1377 3899 1408 3965 et
1422 3916 1441 3963 a
1455 3897 1542 3981 tergo

290 4018 381 4085 unius
395 4017 526 4102 paginae
547 4016 646 4082 literis
662 4017 881 4082 vetustissimis
905 4016 1018 4102 scriptu
1033 4015 1185 4082 habentur
1208 4015 1331 4081 sinodus
1346 4013 1542 4098 provincialis

291 4133 420 4200 Arnaldi
442 4133 659 4218 archiepiscopi
682 4132 933 4212 Ravennatensis
955 4151 1031 4216 quae
1047 4130 1160 4216 pagina
1174 4129 1283 4214 incipit
1306 4129 1469 4214 ‚perpetro
1493 4147 1542 4193 re-

292 4251 406 4335 guanto
427 4249 559 4316 Domino
582 4251 686 4316 nostro
707 4248 782 4316 1111
798 4245 921 4315 Christo
943 4249 1078 4331 tempore
1100 4246 1144 4330 pii
1167 4244 1305 4312 Caesaris
1321 4243 1445 4311 Ottonis
1460 4242 1544 4310 tertii

292 4366 325 4432 in
348 4383 427 4432 anno
443 4365 572 4432 meando
587 4365 709 4450 imperii
731 4365 796 4431 eius
812 4365 850 4430 xi
866 4363 1032 4430 indictione
1050 4364 1106 4428 sub
1122 4361 1257 4447 imagine
1273 4358 1441 4427 Salvatoris
1464 4358 1544 4426 inira

294 4481 398 4550 valvas
428 4481 558 4548 maiores
585 4482 728 4549 ecclesiae
756 4481 939 4548 Ravennae‘
971 4498 1030 4565 qua
1059 4479 1285 4547 demonstratur
1314 4475 1543 4562 promulgatum
