3380 5088
682 355 830 422 -293
876 389 920 402 -

765 555 839 620 222.

351 691 600 766 sigismundus
624 695 702 752 Rex
725 693 894 753 Poioniae
917 688 1023 751 Card.
1046 689 1250 766 Campegio.

624 802 710 888 (iiic
726 803 819 887 prino.
836 802 876 868 Π.
894 800 982 888 251).

669 918 712 1006 (8.
728 918 806 1003 Aug.
825 916 934 1002 1524).

264 1037 480 1122 sigismundus
503 1038 535 1102 et
557 1036 643 1102 Bone
665 1036 724 1102 Dei
751 1036 853 1121 gretie
874 1055 925 1101 rer
954 1037 986 1101 et
1008 1035 1114 1119 regine
1136 1035 1287 1117 Poloniae‚
1317 1037 1424 1121 megni

175 1155 265 1224 duees
280 1154 429 1231 Lituenie‚
453 1153 572 1232 Iinssie,
595 1153 777 1238 Prussieque
800 1155 855 1220 eto.
878 1151 1003 1218 domini.
1030 1152 1142 1220 Rev.mo
1157 1152 1190 1217 in
1207 1150 1327 1218 Christo
1342 1155 1424 1238 petri

172 1270 239 1338 dno.
255 1271 417 1338 Isurentio
432 1270 626 1337 miseratione
648 1269 752 1336 divine
766 1269 851 1335 tituli
874 1268 972 1336 suncti
987 1267 1102 1336 Tirone
1124 1269 1158 1336 in
1172 1269 1301 1337 Perione
1317 1289 1340 1337 s.
1356 1269 1421 1337 Ro-

172 1407 263 1455 mene
277 1388 401 1455 eooiesie
414 1387 590 1473 presbytero
605 1369 752 1453 cardinali
760 1384 911 1471 dempejo
928 1385 1008 1453 sedis
1022 1386 1186 1471 apostolice
1198 1386 1309 1472 legato,
1325 1388 1423 1456 emico

172 1504 353 1571 charissimo
376 1523 411 1572 eo
434 1503 698 1571 honorandissimo
722 1503 853 1569 sulutem
882 1505 914 1570 et
936 1503 1123 1570 felicitatem.
1160 1503 1423 1572 Reverendissime

172 1621 205 1687 in
220 1619 342 1688 Christo
363 1622 451 1705 peter
465 1622 497 1687 et
511 1619 577 1686 dne.
600 1619 698 1687 emico
713 1619 895 1687 charissime
908 1621 939 1687 et
953 1619 1094 1686 honor.me
1116 1621 1187 1704 post
1207 1620 1326 1688 obitum
1339 1621 1423 1688 mne

171 1737 246 1803 olim
276 1736 343 1804 dne.
372 1736 503 1804 Isebeile
532 1736 569 1803 de
591 1736 746 1822 drugonis
775 1735 860 1803 duois
889 1735 1056 1802 Mediolani
1078 1737 1109 1803 et
1132 1755 1156 1803 e.
1179 1736 1289 1803 metris
1320 1739 1422 1804 nostre

171 1853 299 1919 duostus
321 1852 467 1919 Berensis
489 1852 529 1919 ed
550 1871 606 1920 nos
628 1852 810 1919 hereditario
832 1853 898 1919 iure
920 1853 1054 1920 devoluti
1082 1853 1306 1937 possessionem
1335 1871 1420 1922 uoce·

171 1969 283 2055 pimus,
305 1969 427 2036 firmum
450 1969 597 2036 habentos
621 1988 707 2054 spem
734 1968 814 2054 quod
843 1969 933 2037 ineo
956 1971 1042 2036 nuile
1064 1969 1283 2054 impedimento
1311 1969 1422 2037 hebere

171 2085 359 2153 deberemus.
404 2084 494 2152 Nunc
517 2085 634 2151 nunctii
656 2085 755 2152 nostri
777 2104 852 2170 quos
874 2086 949 2152 illuc
977 2086 1121 2152 misimus
1143 2085 1232 2152 nobis
1262 2085 1419 2172 significe-

170 2203 242 2268 runt
270 2201 350 2286 quod
378 2201 494 2268 ricerex
520 2200 742 2286 Neapolitanus
773 2202 888 2285 aceepit
917 2201 1005 2268 nobis
1032 2201 1256 2286 possessionem
1285 2201 1421 2269 eiusdem

170 2317 298 2384 domtus
321 2319 352 2384 et
365 2317 468 2402 posuit
490 2317 579 2383 illum
601 2318 637 2384 in
651 2317 841 2402 sequestrum
864 2317 943 2384 forte
963 2336 1119 2385 caesareae
1142 2316 1314 2385 maiestatis
1329 2337 1419 2384 men-

170 2433 249 2500 doto.
281 2435 448 2519 Eepropter
464 2432 617 2500 mittimus
640 2452 696 2500 nos
711 2434 806 2500 istum
830 2434 990 2501 nunctium
1008 2434 1214 2501 venerabilem
1231 2432 1421 2526 Stennioum

170 2549 273 2634 Borgh
302 2549 456 2616 doctorem
478 2551 509 2615 et
531 2550 710 2616 canonicum
733 2548 962 2616 Creooviensem
994 2550 1189 2616 secretarium
1219 2551 1359 2616 nostrum
1381 2549 1421 2616 ed

168 2683 340 2732 csesereem
362 2664 565 2731 maiestatem.
611 2665 668 2731 Oui
688 2664 900 2732 commisimus
922 2667 958 2732 ut
978 2664 1172 2733 descenderet
1194 2665 1233 2731 ed
1256 2664 1417 2732 serenissi-

166 2801 252 2846 mum
275 2780 433 2847 dominum
456 2779 682 2847 Fordinendum
707 2780 900 2848 erre-hiduoem
915 2782 1057 2848 Austriee
1080 2783 1112 2848 et
1134 2781 1326 2848 adventrum
1349 2781 1377 2848 d.
1394 2802 1417 2849 r.

166 2896 276 2980 quibus
299 2897 459 2980 exponeret
481 2896 560 2962 hono
582 2895 727 2962 iniurium
749 2896 838 2962 nobis
861 2899 962 2981 pretor
985 2917 1071 2983 spem
1085 2897 1214 2964 illatum
1259 2897 1417 2982 Rogemus

165 3011 267 3096 iisque
290 3013 425 3078 vestrum
448 3033 471 3079 r.
496 3012 524 3078 d.
553 3011 697 3096 dignetur
726 3013 783 3078 hoo
804 3013 962 3098 negotium
990 2992 1129 3081 nostrum
1152 3012 1363 3080 commendere
1385 3016 1417 3081 et

165 3147 189 3192 s.
212 3127 240 3193 d.
264 3130 367 3194 nostro
397 3128 428 3194 et
457 3127 579 3194 domino
609 3127 679 3194 duci
708 3127 907 3224 Fordinendo,
937 3131 1085 3213 quotenus
1107 3130 1168 3214 ipsi
1196 3129 1416 3199 intercederent

164 3260 217 3326 pro
240 3243 328 3310 nobis
350 3241 389 3308 sd
420 3261 572 3309 oeeserem
602 3244 796 3310 maiestatem
819 3245 854 3309 ut
875 3244 992 3311 iuberet
1014 3265 1069 3313 nos
1093 3246 1214 3312 restitui
1235 3246 1269 3312 in
1290 3265 1413 3331 posses-

164 3357 289 3436 sionem,
312 3377 370 3442 que
391 3358 480 3424 nobis
509 3378 563 3443 per
590 3358 736 3425 iniuriam
767 3359 910 3444 adempte
932 3362 987 3440 est,
1017 3360 1234 3446 mandaretque
1263 3381 1302 3428 ne
1324 3361 1356 3429 in
1379 3380 1413 3429 eo

163 3471 275 3539 dueetu
296 3473 384 3540 fieret
408 3474 497 3540 nobis
520 3474 623 3559 ulique
651 3474 784 3558 emplius
806 3475 956 3556 molestie,
987 3476 1243 3562 quemadmodum
1264 3477 1362 3545 locius
1384 3477 1413 3545 is

162 3589 228 3672 ipse
250 3588 379 3655 nuncius
400 3589 493 3656 refert
515 3641 522 3656 .
545 3642 553 3656 .
577 3641 583 3657 .
606 3590 724 3657 Detum
747 3589 906 3658 Oreooviee
928 3594 1034 3659 ootevo
1057 3592 1105 3660 die
1124 3593 1259 3678 Augusti
1281 3592 1411 3662 mdxxiv.

163 3703 251 3789 regni
272 3705 370 3771 nostri
391 3704 603 3773 decimootevo.

751 3906 826 3972 223.

374 4041 622 4114 sigismundus
646 4043 817 4104 Poloniae
840 4057 907 4104 rex
930 4044 1103 4105 Clementi
1126 4045 1200 4106 vii.
1345 4049 1349 4056 '

630 4150 716 4238 (Litt.
732 4152 826 4236 princ.
841 4153 864 4218 1.
881 4151 948 4238 32).

656 4265 699 4354 (8.
714 4266 792 4352 ing.
812 4268 921 4354 1524).

250 4379 450 4450 Senotiesime
473 4383 505 4448 et
526 4382 703 4452 beatissime
725 4383 758 4451 in
781 4383 903 4451 Christo
925 4386 1065 4470 peteret
1091 4386 1157 4453 dne.
1180 4385 1246 4454 dno.
1273 4385 1408 4453 clemen·

159 4497 289 4566 tissime.
328 4497 403 4578 Posi
418 4498 567 4566 humilem
582 4498 645 4564 mei
658 4499 804 4585 regnique
825 4503 857 4568 et
872 4499 1076 4570 dominiorum
1090 4520 1227 4570 meorum
1250 4519 1406 4572 oonunen·
