3380 5088
764 317 1007 400 402-

259 511 343 592 benit
364 516 417 611 qui
440 545 472 593 se
494 521 739 594 commissarium
762 526 844 595 dicat
866 528 905 596 ad
935 530 1064 597 alteram
1086 524 1215 599 Adriani
1243 521 1395 618 pontilicis
1425 521 1510 600 deci-

260 661 345 709 mam
367 643 556 729 erigendam,
578 663 671 730 quam
694 665 788 730 quum
809 645 899 712 initio
923 666 976 714 sue
998 648 1218 732 assumptionis
1241 669 1268 716 v.
1285 670 1308 716 s.
1331 650 1510 728 revocasset,

259 778 449 845 summopere
463 761 643 840 letabamur,
666 780 693 827 v.
709 761 902 828 elementiam
926 763 1133 830 collaudantes
1156 765 1235 850 quod
1250 765 1316 831 tam
1338 765 1387 850 pie
1402 765 1508 831 nobis·

258 895 327 942 cum
351 879 470 961 ageret;
493 879 610 944 atvero
633 897 713 944 nunc
734 896 803 944 eam
824 879 957 963 repetere
979 880 1049 964 post
1071 881 1153 946 mala
1168 881 1234 947 tam
1256 880 1363 966 gravia
1384 883 1510 964 amque

258 992 391 1058 recentia
413 1011 474 1059 non
489 995 590 1078 potest
611 1012 672 1060 non
687 993 794 1060 afferre
815 994 985 1075 institam,
1009 1015 1079 1061 cum
1094 995 1133 1062 ed
1155 996 1230 1062 baec
1244 996 1306 1062 nisi
1328 1014 1384 1062 nos
1406 997 1509 1062 vestra

259 1106 421 1174 miseretur
448 1109 556 1193 pietas,
585 1109 746 1196 adigamur
775 1112 810 1177 ut
838 1113 870 1177 et
892 1129 966 1177 vasa
998 1129 1083 1178 sacra
1105 1113 1154 1178 vel
1176 1109 1298 1197 pignori
1319 1110 1425 1178 demus
1455 1112 1509 1176 aut

258 1221 466 1292 distrahamus
496 1226 528 1291 et
550 1243 639 1312 aegre
668 1244 724 1292 nos
746 1226 803 1292 hoo
830 1245 910 1294 anno
940 1228 1154 1294 sustentemus.
1201 1227 1373 1311 Utrumque
1402 1245 1507 1292 sumus

258 1339 359 1423 potius
380 1341 554 1426 perpassum
575 1361 668 1426 quam
683 1361 710 1408 v.
726 1362 749 1408 s.
765 1342 915 1427 imperata
938 1361 998 1409 non
1020 1343 1133 1428 exequi,
1157 1342 1242 1410 cuius
1257 1341 1338 1408 dicto
1361 1342 1401 1408 ad
1422 1360 1506 1408 mor·

257 1454 322 1520 tem
343 1475 438 1541 usque
461 1459 683 1525 essevolumus
705 1457 871 1525 audientes.
904 1456 1090 1526 Clementiae
1105 1459 1224 1525 vestrae
1246 1458 1340 1526 fuerit
1360 1457 1509 1525 arbitrare

258 1570 286 1636 si
308 1591 363 1638 nos
385 1571 531 1640 iisumus
554 1573 612 1640 filii
634 1591 669 1639 ao
692 1575 772 1640 servi
786 1574 839 1659 qui
862 1575 959 1641 simus
982 1574 1191 1642 misericordia
1212 1593 1273 1641 non
1295 1573 1430 1660 indigni3
1454 1592 1508 1641 seu

256 1677 362 1754 lamed
384 1687 471 1773 digni
494 1689 590 1756 simus
614 1707 649 1756 ea
672 1708 725 1756 seu
748 1690 876 1756 minime
898 1691 981 1776 cogit
1013 1691 1178 1758 necessitas
1199 1691 1279 1757 banc
1301 1691 1337 1756 ut
1357 1689 1507 1775 petamus.

258 1799 378 1883 Quanto
400 1803 498 1890 igitm
519 1824 682 1890 possumus
705 1807 736 1871 et
750 1805 900 1872 instantia
922 1807 954 1873 et
975 1807 1151 1873 bumilitate
1174 1826 1192 1872 a
1214 1827 1242 1873 v.
1259 1827 1283 1874 s.
1299 1805 1507 1892 efflagitamus

257 1919 496 1988 clementissime
517 1922 612 2006 pater,
642 1922 677 1988 ut
699 1922 756 1989 boc
783 1920 931 2008 quidquid
959 1923 1007 1988 est
1030 1921 1129 1990 oneris
1158 1921 1317 1990 decimarli
1345 1921 1419 1988 filiis
1442 1921 1508 1987 suis

257 2036 413 2122 serusque
427 2035 571 2123 dignetur
584 2037 748 2118 remittere,
770 2038 971 2123 praebensque
987 2039 1120 2122 spatium
1143 2038 1223 2105 etot
1237 2038 1392 2124 tantisque
1413 2037 1508 2104 malis

256 2151 398 2218 nonnihil
420 2153 597 2237 respirandi
642 2152 708 2220 Nos
730 2173 801 2221 vero
823 2173 878 2239 pro
900 2155 986 2221 tanto
1009 2155 1154 2222 beneficio
1178 2174 1203 2221 v.
1228 2154 1403 2221 sanctitatis
1425 2154 1507 2220 vitae

256 2267 354 2333 felicis
375 2268 609 2336 diuturnitatem
624 2270 726 2355 magis
748 2269 781 2335 in
796 2268 861 2337 dies
884 2271 974 2356 atque
988 2270 1090 2355 magis
1112 2270 1351 2355 apprecabimur,
1369 2270 1507 2354 petentes

255 2383 379 2468 insuper
400 2386 435 2450 ut
457 2384 570 2451 nedum
585 2386 703 2451 vestrae
725 2385 893 2452 voluntatis
915 2387 1107 2471 expectamus
1121 2385 1357 2452 declarationem
1378 2385 1418 2450 iis
1433 2403 1506 2450 cen·

256 2499 337 2564 suris
359 2499 551 2567 involvamur
581 2519 656 2586 quae
680 2501 767 2567 nobis
790 2502 829 2567 ab
851 2503 968 2568 asserto
997 2501 1176 2569 comissario
1198 2520 1259 2568 non
1288 2499 1404 2566 vocatis
1434 2501 1507 2566 sunt

256 2613 388 2681 indictae
410 2615 493 2682 intro
514 2616 628 2683 calend.
644 2617 822 2683 Decembris
845 2636 906 2684 non
928 2617 1125 2697 solventibus,
1148 2637 1218 2684 cunr
1242 2635 1337 2701 neque
1359 2615 1397 2682 de
1419 2635 1505 2682 com-

257 2730 392 2798 missarii
407 2731 504 2816 ipsius
527 2733 676 2817 potestate
700 2733 788 2800 nobis
803 2734 947 2819 appareat
969 2735 1001 2800 et
1022 2733 1113 2799 huius
1128 2733 1263 2800 decimae
1285 2731 1506 2799 revocationem

257 2865 283 2913 v.
307 2865 329 2912 s.
354 2848 476 2932 regulae
498 2847 669 2915 ostendant.
713 2848 851 2915 Avenion
872 2848 911 2915 ir.
934 2849 1027 2915 ealen
1050 2846 1234 2915 Novembris
1256 2846 1387 2914 mdrriv.

802 2963 1002 3032 Devotissimi
1023 2963 1082 3030 lilii
1105 2963 1242 3048 servique
1263 2959 1506 3029 obedientissimi

909 3078 1015 3147 Olenus
1036 3078 1202 3146 Avenionis
1225 3078 1393 3145 universus.

845 3343 920 3409 228.

511 3505 758 3580 Quadraginta
779 3505 963 3567 Bononiae
984 3503 1158 3565 Clementi
1181 3503 1255 3564 vn.

701 3616 788 3703 (Litt
802 3616 896 3700 princ.
912 3615 953 3681 Π.
969 3613 1058 3700 309).

741 3733 806 3818 (25.
823 3731 889 3800 Oct
907 3728 1017 3816 1524).

343 3893 503 3979 Inopinata
533 3913 633 3960 rerum
656 3891 930 3960 Mediolaneneium
959 3889 1152 3958 conversione
1181 3889 1312 3975 perculsi
1341 3907 1376 3955 ac
1398 3888 1502 3956 animo

252 4009 408 4077 volventes
430 4010 537 4096 quanti
559 4028 646 4095 reges
668 4009 791 4095 quantis
814 4007 923 4092 opibus
945 4007 1077 4073 invicem
1098 4007 1278 4073 concurrant
1299 4005 1394 4072 annis
1416 4008 1447 4073 et
1469 4006 1503 4072 in

253 4145 289 4193 ea
303 4125 413 4194 Italiae
433 4127 556 4212 regione
571 4125 651 4193 unde
665 4125 765 4192 facilis
788 4124 828 4191 ad
849 4143 905 4190 nos
921 4141 1026 4189 cursus
1048 4121 1156 4189 victori
1171 4121 1256 4202 foret,
1279 4119 1421 4207 inprimis
1443 4121 1500 4187 ad-

253 4261 411 4310 monemur
433 4243 468 4309 ut
482 4243 572 4309 rebus
587 4241 679 4308 huius
694 4243 812 4308 vestrae
834 4239 979 4317 civitatis,
1002 4240 1037 4305 ut
1052 4239 1209 4305 meritati
1223 4237 1373 4324 presentis
1393 4239 1501 4318 stabis

252 4361 287 4424 ut
309 4358 437 4445 deniquo
459 4362 580 4426 nostrae
606 4357 854 4424 fidelissimorum
885 4358 1007 4422 sanotae
1029 4355 1124 4420 matri
1150 4355 1292 4421 ecclesiae
1320 4353 1501 4421 servitorum

252 4475 473 4544 conservationi
501 4477 533 4543 et
561 4475 656 4543 saluti
685 4475 840 4542 consulere
862 4471 1035 4553 debeamus,
1064 4491 1134 4540 cum
1167 4490 1227 4538 non
1249 4471 1287 4536 ab
1311 4469 1350 4536 iis
1382 4469 1502 4537 bellicis
