3380 5088
782 327 1024 396 -246-

276 527 442 610 copiosiora
457 525 604 592 mandata
625 525 687 609 ipsi
703 525 755 591 tuo
771 523 884 590 oratori
905 523 945 589 ad
960 524 991 590 te
1005 522 1182 607 perferenda
1197 521 1344 599 dedimus,
1368 521 1416 588 cui
1432 525 1526 587 sort·⁸

276 645 329 708 tua
351 643 431 709 circa
452 643 528 708 haec
550 641 699 719 referenti,
722 639 814 706 fidem
830 657 984 705 summam
1007 638 1140 704 babebit.
1185 639 1302 704 Datum
1316 639 1432 704 Romae
1447 636 1525 720 apud
1657 651 1658 668 ¹

277 757 422 824 Sanctum
453 757 579 823 Petrum
616 758 672 822 sub
703 755 815 822 annulo
844 755 1005 838 piscatoris
1034 754 1083 821 die
1112 754 1195 820 rviii.
1225 753 1367 820 Octobris
1396 752 1524 819 mdmri.

275 872 476 937 Pontificetns
498 873 596 938 nostri
618 891 697 938 enno
719 871 819 938 tertie

333 1193 338 1202 Ι
364 1104 423 1170 Pro
446 1104 564 1170 roarrr
587 1103 713 1169 wirae
736 1103 945 1170 referendario.
969 1141 1013 1150 -
1036 1063 1226 1168 arrrrrorcr
1256 1102 1523 1186 troorgrrurrrrr.

275 1256 320 1266 -
341 1219 404 1286 xiii.
427 1219 611 1287 Novembris
634 1218 764 1286 mdrrui.
810 1220 899 1286 Anno
921 1219 1020 1286 tertio.

848 1373 954 1382 *—

364 1452 598 1537 Archiepiscopo
622 1451 797 1531 Senonenei,
828 1470 941 1536 magno
963 1451 1107 1518 Francius
1137 1451 1325 1519 cancellario.
1355 1487 1400 1498 -
1428 1450 1524 1518 Polli-
1657 1433 1658 1528 i

275 1569 360 1635 cetur
381 1568 479 1636 denno
501 1569 550 1635 illi
572 1568 778 1636 cardinalatus
800 1569 954 1636 honorem.
970 1605 1014 1622 --
1032 1567 1098 1634 Die·
1114 1568 1172 1635 xiv.
1195 1567 1373 1635 Decembris
1396 1566 1524 1634 mdnvi

273 1685 364 1752 Anno
384 1686 484 1752 tertio.

848 1811 953 1821 a-—-

364 1916 555 1997 Quibusdam
579 1917 746 2002 Hispaniae
775 1917 933 2002 episcopie.
966 1954 1011 1966 -
1043 1915 1217 1983 committit
1246 1917 1380 2000 pontifex
1410 1916 1524 1983 duobus

274 2033 481 2100 cardinalibus
503 2036 539 2100 ut
560 2033 685 2100 videant
706 2035 740 2100 in
755 2052 847 2100 censa
868 2033 949 2100 inter
971 2033 1109 2100 ordinem
1124 2030 1388 2098 Oulatravensium
1403 2035 1435 2099 et
1450 2031 1523 2099 Hie-

274 2149 481 2215 rosolomitan.
510 2151 542 2215 ct
571 2149 727 2232 episcopos
749 2150 886 2228 eosdem,
916 2149 969 2238 qui
991 2149 1194 2233 querebantur
1216 2147 1253 2212 de
1283 2147 1436 2230 pontificis
1459 2148 1523 2214 dis·

275 2263 425 2347 positione
441 2283 529 2348 super
545 2265 649 2330 mdem
665 2284 698 2329 rs
712 2266 860 2348 unquam
875 2264 991 2330 laesiva
1005 2263 1224 2330 iurisdictionis
1240 2263 1428 2346 episcopalis.
1468 2264 1526 2330 Die

276 2377 357 2444 xviii.
380 2379 558 2445 Decembris
581 2378 711 2445 mdnu.
756 2380 846 2446 Anno
868 2379 967 2445 tertio.

367 2607 519 2677 Guilelmo
541 2613 573 2678 et
594 2611 746 2678 Lndovico
774 2611 902 2677 ducibus
925 2611 1081 2689 Berenice,
1111 2611 1144 2678 in
1173 2611 1305 2679 adventu
1328 2611 1467 2678 Accursii
1489 2611 1524 2676 de

277 2724 381 2810 Gryno
404 2745 508 2793 eorum
531 2727 695 2792 secretarii.
724 2763 768 2774 -
797 2727 916 2793 mundat
938 2727 1071 2810 pontifex
1101 2745 1204 2794 eorum
1227 2727 1312 2811 piem
1334 2728 1470 2794 mentem
1491 2745 1526 2792 ee

278 2841 464 2925 religionem,
488 2842 673 2926 spondetque
697 2861 784 2908 suam
808 2841 1054 2919 benivolentiam,
1077 2843 1232 2909 occasione
1255 2841 1336 2919 deta,
1358 2842 1424 2908 illis
1447 2842 1525 2908 rela-

276 2958 387 3022 turum.
433 2958 550 3024 Datum
572 2959 687 3024 Romae
710 2956 759 3023 die
781 2958 892 3024 ultima
906 2958 1084 3026 Decembris
1099 2958 1217 3024 mdnv.
1262 2959 1351 3024 Anno
1374 2958 1473 3026 tertio.

791 3074 900 3156 (Forte
921 3075 1016 3157 umor).

544 3188 632 3256 Anno
655 3188 746 3255 tertio
767 3187 898 3256 mdxxvi.
944 3189 1121 3258 Decembris
1144 3189 1261 3256 ultime.

870 3451 941 3517 186.

280 3615 424 3678 Dilectis
441 3617 823 3704 illitsBurgimagistrO,
840 3617 1056 3676 Consulibus
1072 3621 1107 3675 et
1117 3615 1306 3676 Communi
1318 3617 1526 3675 Turriceusi.

713 3734 888 3806 Tigurinis
911 3733 1091 3790 Helvetiis

367 3887 481 3954 Dilecti
496 3886 553 3952 filii
569 3887 699 3953 salntem
714 3887 770 3952 ete.
792 3887 837 3952 lix
851 3887 964 3953 litteris
979 3886 1090 3953 uestris
1105 3886 1154 3952 die
1168 3886 1206 3952 ix.
1222 3885 1363 3952 Jenuerii
1377 3885 1458 3952 detis
1468 3905 1527 3952 non
1657 3867 1658 3906 ³

279 4003 345 4071 sine
366 4004 455 4088 gravi
469 4004 573 4069 nostro
588 4001 690 4068 dolore
704 4002 910 4086 cognovimus,
926 4021 987 4082 vos,
1003 4022 1078 4087 quos
1093 4004 1240 4086 tanquam
1254 3991 1431 4086 praecipuos
1449 4003 1527 4068 filios

277 4119 403 4203 paterno
424 4117 578 4202 imprimis
601 4136 703 4184 amore
725 4117 962 4201 complectimur,
985 4120 1017 4184 et
1038 4118 1071 4186 in
1086 4117 1168 4184 viam
1191 4119 1330 4184 aeternam
1345 4117 1455 4184 salutis
1476 4118 1526 4184 in·

279 4233 386 4300 sistere
409 4235 559 4318 optumus,
589 4251 779 4319 perseuerare
801 4232 1003 4300 nibilominus
1025 4233 1059 4300 in
1081 4233 1126 4299 eis
1149 4233 1300 4300 erroribus
1323 4233 1526 4309 defendendis,

278 4349 332 4434 qui
353 4369 407 4417 vos
429 4349 562 4436 profecto
585 4369 604 4415 a
625 4351 708 4417 reeta
731 4348 842 4416 semita
863 4349 1025 4428 abducunt,
1055 4351 1086 4416 et
1108 4349 1250 4416 auertunt
1272 4368 1290 4414 a
1312 4367 1433 4416 summo
1455 4349 1526 4428 Deo,

279 4463 489 4549 deducuntque
519 4463 558 4531 ad
580 4465 747 4546 interitum,
778 4463 839 4576 nisi
861 4463 1032 4530 animorum
1056 4467 1224 4531 vestrorum
1254 4464 1391 4548 aequitas
1414 4464 1525 4532 nostis
