3396 5090
663 367 817 459 -flrre
862 403 907 420 -

155 569 186 634 te
216 567 414 653 potissimum
445 568 587 636 certiores
618 585 794 652 cuperemus
818 566 892 645 fieri,
923 566 949 632 si
973 566 1046 651 quid
1069 569 1150 633 esset
1179 567 1259 652 quod
1281 588 1300 634 a
1322 567 1410 636 nobis

156 675 222 768 geri
245 686 299 750 aut
321 685 441 750 oonsnli
470 687 606 769 oportere
635 684 793 761 indiceres,
826 701 898 748 nam
921 686 952 748 et
974 702 1010 748 ea
1039 684 1199 750 verissima
1229 684 1409 750 haberemus

158 819 233 884 quae
256 801 310 866 abs
335 802 366 866 te
389 800 502 884 scripta
524 801 628 867 essent
643 803 674 867 et
696 818 757 866 non
772 819 832 866 non
849 799 1024 865 deessemus
1051 801 1123 883 (sie)
1150 799 1251 865 studio
1266 801 1298 866 et
1320 818 1410 884 opera

157 915 260 982 omnia
275 915 411 983 iaciendo
426 935 504 999 quae
519 916 557 982 ad
572 915 808 983 christianitatis
825 915 915 982 decus
931 918 962 980 et
977 915 1016 981 ad
1031 915 1117 980 illins
1134 916 1267 982 hadonis
1278 917 1410 983 salutern

157 1031 350 1115 pertinerent.
396 1032 512 1096 Datum
535 1032 650 1098 Romm
674 1032 722 1097 die
744 1031 825 1098 xxiii.
842 1030 976 1116 Augusti
999 1030 1116 1097 mdxxu
1162 1031 1251 1097 Anno
1271 1032 1409 1098 secundo.

733 1157 840 1165 -ι

248 1209 395 1293 Episcopo
417 1209 594 1276 Tridentino
617 1246 661 1257 -
684 1210 792 1276 Brevis
815 1209 854 1275 od
876 1209 941 1274 eius
964 1209 1084 1274 litteras
1107 1211 1271 1293 responsio.
1289 1249 1332 1257 -
1352 1210 1409 1276 Die

156 1325 190 1388 et
212 1343 291 1390 anno
314 1326 348 1390 nt
372 1343 470 1409 supra.
494 1363 537 1371 —

752 1541 824 1608 129.

699 1705 877 1767 suevis

246 1841 360 1908 Dilecti
381 1841 446 1908 filii.
492 1841 582 1909 Fides
604 1845 636 1908 et
659 1841 802 1910 fontinido
826 1845 1025 1928 nostroquae
1052 1843 1102 1909 his
1124 1843 1313 1928 temporibus
1336 1863 1405 1910 cum

158 1959 273 2024 summi
295 1959 353 2024 Dei
382 1959 493 2026 honore
517 1961 547 2025 et
570 1957 753 2026 Germaniae
775 1959 871 2026 totius
901 1961 1036 2026 utilitate
1059 1960 1180 2044 egregie
1210 1960 1321 2027 enituit
1350 1962 1410 2027 etsi

157 2075 293 2140 humana
322 2093 439 2160 quoqne
469 2075 731 2141 commendatione
754 2075 922 2142 decoranda
951 2077 1006 2155 est
1037 2076 1137 2141 mains
1159 2077 1263 2143 temen
1286 2078 1318 2143 et
1340 2095 1409 2162 pre-

157 2191 292 2256 stantius
307 2189 450 2256 habitnra
465 2192 513 2256 est
527 2191 697 2275 praemium
713 2190 793 2275 apud
808 2190 937 2257 eundem
948 2191 1046 2257 Deum
1062 2191 1178 2275 gloriae
1194 2192 1411 2276 sempitemae3

157 2305 237 2371 nihil
258 2305 341 2372 enim
364 2306 419 2371 illa
440 2306 541 2390 potuit
563 2307 714 2390 expectari
735 2307 934 2391 opportunius
958 2307 1036 2372 nihil
1060 2307 1315 2392 magnificentius.
1340 2307 1412 2374 Nisi

157 2422 242 2488 enim
265 2440 319 2488 ros
342 2421 530 2501 extitissetis,
560 2424 591 2489 et
614 2423 642 2488 si
664 2441 724 2490 non
747 2423 845 2490 uhtus
875 2425 907 2489 et
936 2423 1098 2489 consilium
1121 2425 1154 2490 et
1182 2423 1263 2490 vires
1292 2425 1411 2490 vestrae

157 2536 353 2604 obstitissent
381 2537 464 2605 furor
493 2537 546 2604 ille
577 2538 724 2605 immanis
752 2537 1008 2624 impiissimamm
1040 2540 1181 2607 heresum
1213 2540 1412 2607 multitudine

157 2653 365 2739 improborum
389 2653 539 2721 concitata
561 2672 651 2721 omne
674 2654 877 2722 sacerdotium
899 2673 1020 2722 omnem
1035 2655 1230 2722 nobilitatem
1251 2674 1357 2722 omnes
1380 2658 1412 2723 et

158 2768 297 2853 publices
320 2769 351 2835 et
372 2770 508 2854 privatos
537 2769 714 2856 dignitates,
743 2789 844 2837 mores
872 2771 957 2856 leges
979 2771 1055 2853 iura,
1077 2771 1252 2838 uniuersam
1274 2771 1412 2857 denique,

160 2882 360 2951 Germaniam
382 2885 461 2952 ferro
485 2888 588 2971 strage
609 2887 737 2953 flamma
758 2889 790 2953 et
818 2885 915 2953 urinis
944 2886 1133 2968 involvisset
1162 2886 1315 2974 istamque
1347 2887 1410 2955 for·

159 3001 316 3069 tissimum
338 3004 370 3068 et
384 3001 610 3070 nobihssimam
632 3002 788 3070 nasonem
810 3001 891 3088 apud
906 3021 999 3088 quum
1021 3004 1092 3071 ante
1113 3005 1172 3071 hac
1186 3003 1329 3090 precipua
1349 3004 1411 3070 hu-

160 3117 322 3184 manitatis
343 3118 412 3184 laus
435 3119 467 3184 et
489 3118 655 3185 catholicae
677 3118 836 3204 religionis
865 3119 1037 3186 observatio
1060 3139 1180 3204 semper
1203 3120 1351 3202 constitit
1374 3120 1413 3187 ad

160 3234 258 3300 vitam
280 3233 431 3319 agendam
454 3253 537 3301 more
558 3234 692 3300 ferarum
714 3237 745 3301 et
768 3235 807 3300 ad
829 3253 930 3302 rerum
946 3235 1084 3302 omnium
1106 3235 1313 3304 contusionem
1337 3237 1410 3304 ade·

160 3350 267 3435 giseet.
313 3347 400 3431 Quod
428 3351 509 3417 tend
538 3351 615 3417 mali
643 3351 811 3436 periculum
840 3351 889 3417 sel
918 3351 1137 3419 detrimentum
1167 3353 1269 3439 potius
1300 3353 1413 3418 virtulo

160 3468 264 3534 vestm
292 3467 337 3533 ita
366 3467 544 3552 propulsum
574 3469 606 3534 et
634 3486 842 3552 compressum
872 3468 976 3534 estut
1005 3487 1126 3552 sperare
1155 3468 1318 3536 debeamus
1349 3471 1412 3536 lico

161 3581 258 3667 ceptis
281 3583 437 3668 aspirante
449 3585 568 3650 caetera
589 3583 629 3650 ad
642 3583 809 3668 pristinum
832 3583 969 3651 ordinem
992 3602 1028 3650 ac
1050 3584 1142 3651 decus
1157 3585 1247 3651 facile
1269 3585 1412 3651 reditura.

163 3697 224 3766 Sed
245 3699 278 3765 in
300 3701 366 3766 tota
388 3699 445 3765 hac
475 3719 507 3766 re
529 3699 671 3766 mirabile
692 3700 794 3766 visum
823 3702 871 3766 est
893 3699 981 3766 nobis
1004 3700 1062 3768 Dei
1092 3697 1309 3784 omnipotentis
1340 3721 1412 3766 con-

162 3815 282 3893 silium}
312 3815 409 3882 uoluit
430 3815 484 3881 ille
505 3817 637 3900 peccem
666 3816 842 3883 nostrised
870 3815 1058 3882 hacundiam
1088 3818 1266 3900 provocatus
1295 3817 1413 3900 exigere

162 3949 272 4016 penas,
296 3949 409 4016 suaque
432 3932 595 3999 severitate
617 3952 670 4017 per
692 3931 817 3998 Italiam
840 3931 949 3998 acriter·
972 3934 1004 3998 ct
1027 3931 1161 3997 Galliam
1185 3934 1216 3996 et
1232 3931 1413 4016 Hispaniam

163 4046 332 4127 excanduit
355 4066 432 4132 quae
455 4048 626 4132 provinciae
641 4049 721 4115 bello
743 4048 826 4114 fame
848 4048 1025 4133 pestilentia
1041 4047 1218 4132 aliquandiu
1243 4051 1366 4112 proretae
1385 4051 1416 4113 et

163 4163 326 4249 populatae
354 4162 485 4244 herent,
515 4162 713 4231 Germaniam
735 4183 806 4230 vero
836 4163 985 4229 hereticae
1015 4163 1168 4248 impietati
1197 4164 1337 4247 permisit
1367 4164 1414 4228 la·

164 4279 344 4356 serendam
374 4279 428 4346 sed
450 4299 520 4345 cum
542 4300 698 4366 nunquam
722 4281 919 4346 obliviscatur
950 4279 1174 4345 misericordiae
1204 4297 1273 4343 cum
1305 4279 1417 4344 habeat

165 4414 285 4482 semper
314 4396 415 4462 oleum
444 4396 568 4480 pietatis
599 4417 670 4462 suae
701 4400 839 4480 paratum
865 4396 903 4461 ad
934 4394 1117 4460 medicinam
1147 4393 1245 4459 nostri
1275 4393 1416 4468 vulneris,

164 4512 345 4596 praevidens
366 4511 483 4578 heresis
498 4514 661 4596 persidem
686 4533 777 4595 snpra
800 4511 903 4576 omnia
919 4511 1000 4576 mala
1023 4529 1088 4576 esse
1107 4509 1286 4592 graviorem,
1310 4508 1418 4572 habuit
