3364 5102
707 332 951 404 -375-

201 530 335 600 remedio
358 551 377 600 e
399 533 505 618 quoodo
534 533 621 600 tento
644 531 735 613 dono,
764 530 1028 612 emmenrode,
1058 531 1135 599 leioo
1159 549 1285 616 pensare
1312 549 1330 596 a
1353 529 1453 614 quella

203 650 304 734 quello
327 651 470 735 poterano
500 649 564 716 diro
586 650 610 716 li
631 649 729 718 nostri
751 647 923 716 inimicior
951 667 1072 734 sperare
1093 647 1131 716 de
1153 667 1253 714 essere
1276 645 1454 714 demifioeti

202 765 322 852 quondo
345 767 389 832 eli
410 766 508 834 nostri
530 765 691 832 medeeimi
714 765 741 832 ei
763 765 795 833 fe
817 765 911 844 dnno;
934 785 972 832 ne
994 766 1034 833 ho
1056 765 1116 834 bon
1137 765 1255 832 volutio
1285 763 1403 832 evirare
1425 783 1453 830 v.

202 903 227 950 ο.
242 899 305 949 nm·
320 902 339 949 o
361 881 407 949 oid
422 883 477 950 ohe
492 883 593 969 quelle
608 901 694 950 oomo
709 881 947 969 prudentissima
970 883 1002 950 et
1016 881 1071 948 ohe
1093 900 1131 966 ρο
1146 881 1211 948 foro
1232 880 1256 946 il
1274 881 1356 946 intio
1371 877 1455 964 poeni

201 998 362 1084 provedore
385 999 538 1085 equando
561 999 630 1066 soro
653 999 829 1067 necessario.

291 1115 335 1184 m
357 1115 441 1196 citio,
463 1115 503 1182 ho
527 1115 551 1182 li
565 1115 759 1201 governeiori
781 1115 813 1184 di
835 1134 916 1201 οροο,
940 1132 1137 1200 perseverono
1160 1114 1193 1180 di
1208 1113 1350 1180 eontinno
1372 1111 1405 1178 in
1423 1112 1455 1178 1ο

202 1231 294 1300 sorite
316 1232 535 1310 obednodonm
564 1233 664 1317 peril
687 1232 742 1300 ohe
766 1250 783 1299 ο
805 1252 867 1301 ρορ
895 1231 1059 1299 monoherd
1089 1231 1221 1299 anchora
1249 1231 1286 1299 do
1309 1231 1374 1298 dire
1402 1250 1456 1316 per

202 1349 310 1434 quoodo
333 1367 351 1414 ρ
373 1367 400 1414 v.
417 1367 440 1415 e.
464 1349 564 1433 quello
586 1348 642 1416 ohe
664 1369 717 1434 per
739 1347 792 1435 pid
815 1348 876 1416 mie
899 1349 923 1415 li
945 1349 985 1417 ho
1005 1349 1111 1416 soritto
1134 1349 1181 1416 ool
1196 1346 1259 1414 mio
1281 1366 1386 1433 parere
1403 1348 1454 1414 in-

202 1464 297 1533 sieme
319 1465 375 1532 ohe
397 1483 458 1532 non
479 1463 496 1530 d
518 1463 558 1532 do
581 1483 700 1551 operere
730 1485 835 1551 posoer
856 1465 921 1533 fore
943 1483 1030 1533 ooeea
1051 1465 1183 1532 olohunn
1205 1465 1310 1532 oonire
1332 1464 1365 1534 di
1387 1483 1456 1533 osee

202 1599 293 1650 eenee
314 1582 406 1667 genoe
428 1582 593 1666 perterre,
623 1601 639 1648 e
662 1581 742 1649 visio
764 1583 794 1650 le
816 1601 901 1650 oosee
922 1581 959 1650 de
981 1580 1129 1650 Cremona
1157 1581 1269 1648 endere
1298 1581 1332 1648 in
1353 1582 1455 1666 longe

201 1697 283 1764 sorio
304 1713 323 1765 o
345 1697 408 1765 mio
430 1715 535 1782 peroro
558 1697 632 1764 forei
654 1698 678 1763 il
701 1698 815 1784 meglio
834 1698 983 1766 derisione
1005 1698 1044 1765 de
1066 1699 1168 1785 quello
1182 1698 1315 1788 imprezo
1337 1699 1370 1766 ot
1391 1697 1455 1766 inre

200 1814 304 1882 venire
326 1814 397 1899 quel
415 1832 521 1899 oempo
544 1812 575 1879 1ο
590 1815 674 1882 volta
697 1813 735 1881 de
750 1812 874 1882 Genove
896 1815 920 1880 il
942 1814 994 1899 pid
1017 1816 1119 1898 proedo
1135 1814 1191 1882 ohe
1213 1813 1292 1880 dissi
1309 1813 1455 1899 possibile

200 1931 266 1998 aoid
281 1931 337 1998 ohe
358 1931 379 1996 1’
386 1930 505 1998 armato
521 1930 576 1996 ohe
592 1950 624 1996 ee
648 1948 736 2015 spere
758 1930 796 1998 de
811 1928 934 2015 Spegno
949 1931 982 1996 in
1005 1931 1111 2015 questo
1126 1949 1210 1996 mezo
1225 1948 1287 1996 non
1301 1929 1333 1995 vi
1348 1948 1455 2014 sopra·

199 2047 377 2133 giongesom
400 2065 453 2130 per
475 2045 530 2112 ohe
554 2065 639 2114 oomo
663 2043 787 2113 Gonovo
809 2045 887 2112 inssi
917 2063 1013 2130 prona,
1054 2047 1195 2131 loquele
1225 2045 1399 2112 feoilmente
1423 2065 1456 2114 se

200 2163 403 2242 obtenirebbe
427 2160 587 2229 venendoli
608 2162 678 2246 quel
700 2180 807 2247 oempo
829 2162 869 2229 ho
892 2181 952 2230 nna
975 2163 1054 2229 bono
1076 2160 1222 2246 periodo
1245 2179 1325 2247 οροο,
1348 2180 1455 2230 nouzo-

199 2279 291 2345 rebbe
313 2278 369 2345 ohe
391 2278 475 2345 detto
498 2279 617 2344 armate
640 2297 701 2346 non
717 2279 836 2364 seperire
858 2278 933 2346 dove
956 2278 1074 2345 redursi
1096 2297 1134 2345 ρο
1152 2277 1253 2344 honoh
1276 2278 1305 2343 1ο
1327 2277 1456 2346 fanone

200 2394 255 2461 ohe
279 2413 352 2460 sono
367 2394 400 2460 in
422 2413 495 2478 οροο
510 2395 674 2478 potrebeno
697 2394 809 2462 andere
831 2395 862 2460 el
878 2394 1018 2462 eochoreo
1041 2395 1079 2461 do
1100 2392 1288 2480 liSpegnoli
1310 2393 1366 2462 ohe
1382 2412 1455 2461 eono

199 2510 233 2577 in
255 2509 371 2578 Mileno
394 2511 426 2576 et
447 2509 521 2576 elini
542 2509 602 2576 looi
624 2508 661 2575 de
676 2508 867 2590 lombardia,
890 2509 927 2576 de
949 2528 1001 2577 mo
1027 2511 1083 2577 ohe
1104 2510 1271 2578 rosteriam
1293 2509 1383 2594 persi.
1414 2510 1455 2576 Et

199 2626 390 2693 morchardo
412 2625 490 2692 detti
514 2624 661 2710 Spngnoli
684 2625 716 2690 di
738 2627 845 2709 questo
869 2645 1004 2693 sooooreo
1026 2626 1155 2693 insieme
1177 2645 1234 2693 oon
1256 2627 1288 2693 lo
1310 2643 1454 2710 ορορορορ

198 2742 235 2809 de
258 2762 297 2809 no
312 2741 443 2809 haverne
465 2742 559 2819 oltr03
583 2743 715 2808 onohora
730 2741 947 2808 menohnrieno
969 2740 1007 2807 de
1029 2742 1141 2822 animo,
1165 2742 1316 2809 tolmonte
1330 2741 1386 2808 ohe
1403 2741 1454 2826 poi

196 2857 371 2925 faoilmente
393 2876 427 2924 ee
449 2857 616 2942 aquisierio
631 2855 779 2924 Cremona
801 2876 819 2925 ο
840 2856 915 2924 ferei
931 2857 1047 2924 Milone
1070 2858 1117 2924 ool
1139 2859 1229 2937 resto,
1253 2856 1352 2922 siche
1375 2856 1452 2922 laiso

196 2973 425 3041 considerator
449 2993 476 3039 v.
499 2992 522 3039 ο.
545 2992 568 3038 r.
592 2975 705 3057 quanto
730 2973 863 3056 impona
885 2974 916 3039 le
939 2973 1079 3057 pristixin
1101 2972 1139 3040 do
1165 2975 1274 3057 questo
1302 2972 1451 3056 impreza3

196 3110 214 3156 ο
235 3091 322 3156 tanto
344 3089 396 3175 pii
419 3089 551 3155 onohore
572 3107 626 3173 por
649 3087 704 3154 ohe
727 3087 763 3153 de
793 3087 935 3155 continuo
960 3108 992 3154 se
1021 3087 1190 3173 provedeno
1213 3088 1251 3154 de
1273 3087 1352 3154 fanti
1375 3107 1391 3154 ο
1413 3087 1451 3155 de

196 3205 297 3291 quello
320 3205 344 3270 li
366 3203 382 3269 d
405 3203 574 3271 necessario
597 3204 652 3270 ohe
675 3204 798 3288 possim
822 3205 853 3270 ei
876 3223 909 3272 so
931 3205 1124 3272 fortifioheno
1147 3203 1259 3288 quondo
1282 3222 1411 3288 ροοοορο
1434 3224 1451 3271 ο

195 3318 248 3388 ρ’ὸ
270 3320 402 3387 enivoto
425 3319 658 3404 ilidnrtinongo
681 3321 805 3403 possete
827 3339 881 3404 per
899 3320 1011 3400 Lnohe,
1034 3319 1142 3388 deinde
1156 3339 1210 3406 por
1231 3321 1261 3387 le
1275 3321 1450 3405 monoegne

196 3437 285 3522 quale
308 3437 336 3503 ei
351 3436 481 3522 odonem
503 3434 586 3502 ossei
609 3435 641 3500 in
657 3433 841 3513 fortifioerli3
865 3435 893 3502 si
915 3437 948 3504 in
962 3437 1108 3502 Prooneie
1130 3437 1158 3502 ei
1175 3437 1207 3502 fe
1221 3437 1341 3504 armate
1363 3454 1449 3504 domo

195 3552 319 3620 intendo
339 3552 468 3618 insieme
491 3570 509 3617 ρ
525 3553 630 3636 queeie
644 3551 756 3636 galero,
779 3551 965 3620 bostannimo
988 3571 1049 3620 non
1064 3553 1232 3620 solamente
1246 3571 1266 3618 ρ
1280 3551 1451 3620 defendendi

195 3668 233 3736 do
254 3669 401 3734 l'nrmoto
429 3667 468 3734 do
490 3665 622 3753 Spognn
652 3687 705 3734 me
730 3686 749 3733 e
778 3667 935 3736 offenderli
956 3688 975 3736 ο
996 3667 1067 3736 forli
1095 3667 1301 3754 grandissimo
1331 3667 1449 3736 (1ρροο

195 3785 280 3853 tento
303 3783 478 3869 primodo
500 3786 529 3851 le
544 3803 621 3852 neve
642 3803 729 3868 preze
752 3803 784 3852 se
799 3804 837 3852 ρο
852 3786 988 3869 potromo
1010 3785 1112 3853 valere
1126 3785 1164 3854 de
1179 3787 1286 3870 quatro
1308 3803 1326 3850 o
1342 3783 1449 3851 oinoho

194 3900 310 3968 doloro
326 3899 363 3966 de
378 3898 467 3966 modo
483 3899 539 3966 ohe
554 3900 582 3966 ei
604 3901 635 3966 le
658 3901 794 3985 oepitern
808 3920 864 3968 con
879 3902 981 3984 tempo
1004 3900 1059 3968 ohe
1075 3900 1103 3968 si
1116 3901 1270 3985 poesiemo
1293 3919 1335 3966 nn
1352 3899 1447 3984 pooho

194 4016 318 4096 niniam,
342 4033 428 4101 sporo
451 4014 506 4081 ohe
529 4015 616 4099 quole
639 4033 724 4096 nove,
754 4017 794 4084 ho
817 4036 906 4084 sense
928 4037 1003 4097 οοοο,
1033 4017 1202 4083 lideremo
1224 4015 1270 4082 dal
1299 4017 1387 4084 conto
1410 4015 1448 4084 de

193 4130 245 4196 noi
267 4131 322 4198 ohe
344 4148 405 4196 non
428 4149 461 4198 οο
483 4150 521 4197 ρο
550 4129 701 4198 lodereno.
746 4132 823 4198 Pero
846 4131 969 4199 diesen
997 4151 1057 4200 non
1080 4151 1119 4199 ρο
1140 4131 1231 4199 bebio
1260 4132 1312 4217 poi
1333 4131 1447 4199 hnvnto

194 4246 272 4313 nlire
301 4265 377 4312 nove
400 4244 437 4312 de
460 4246 489 4312 1ο
513 4246 617 4314 scritto
647 4267 700 4330 ρορ
730 4248 806 4314 altre
829 4268 848 4314 a
870 4269 897 4315 v.
922 4268 945 4315 s.
968 4270 991 4318 r.
1014 4268 1075 4318 non
1105 4267 1139 4316 οο
1169 4249 1240 4332 pero
1263 4247 1290 4314 οἱ
1311 4247 1336 4314 il
1358 4247 1446 4314 oonte

193 4360 330 4428 Noveno
353 4378 391 4446 qo
412 4361 524 4428 nevero
554 4363 668 4430 hevnto
697 4362 810 4430 notioio
841 4364 986 4442 aloinum
1015 4364 1052 4431 de
1084 4367 1197 4451 quanto
1220 4382 1258 4432 ρο
1287 4360 1445 4430 intendero

192 4495 349 4546 ovmorone
371 4497 398 4546 v.
422 4497 446 4547 ο.
469 4498 493 4546 r.
