3396 5090
776 363 1014 430 —154-

862 590 933 656 112.

795 753 989 817 Caesari.

357 903 531 976 (tanesime.
575 911 620 976 lin
649 909 693 976 eie
716 929 792 994 quae
816 910 923 976 scribit
944 909 984 975 ed
1006 929 1061 976 nos
1091 909 1143 976 dil.
1167 909 1209 975 lil
1242 909 1388 975 Beldasar
1416 909 1517 975 Casti·

267 1027 385 1094 lioneus
408 1028 544 1094 notarius
569 1029 599 1093 et
621 1027 750 1093 nuncius
772 1028 876 1094 noster
891 1025 1101 1112 cognoscimus
1125 1025 1240 1110 aliquid
1257 1025 1391 1110 quotidie
1414 1026 1450 1092 de
1466 1029 1519 1092 tua

266 1143 382 1228 optima
411 1162 484 1228 erga
513 1162 568 1211 nos
598 1146 630 1210 et
659 1141 804 1210 Sanctam
834 1143 1032 1228 apostolicam
1057 1140 1165 1210 Sedem
1195 1143 1351 1209 voluntate
1379 1145 1410 1210 ei
1439 1143 1519 1227 quod

268 1267 364 1327 ser.bs
393 1263 447 1329 tua
468 1261 502 1327 in
525 1261 715 1327 sermonibus
745 1261 887 1326 omnibus
909 1279 984 1346 quos
1013 1259 1114 1339 habet,
1144 1258 1286 1325 ostendat
1315 1278 1402 1352 suam
1430 1277 1517 1343 opem

267 1378 357 1460 atque
387 1377 615 1445 observantiam
644 1377 732 1444 nobis
755 1378 787 1444 et
808 1376 907 1444 eidem
930 1375 1003 1444 Sedi
1031 1377 1114 1442 nullo
1143 1377 1208 1442 loco
1231 1374 1412 1456 defuturam,
1442 1394 1518 1460 quae

265 1493 442 1560 testimonia
472 1493 569 1560 animi
591 1493 639 1559 eui
669 1513 787 1578 semper
809 1493 898 1561 nobis
926 1491 1163 1572 iucundissima,
1193 1493 1250 1558 hoc
1272 1491 1366 1559 etiam
1396 1493 1518 1558 luerunt

264 1609 441 1676 iucundiora
470 1610 550 1695 quod
579 1609 693 1676 litteris
716 1628 809 1675 manu
839 1610 893 1674 tua
916 1608 1039 1693 scriptis
1068 1608 1248 1674 confirmata
1278 1609 1358 1674 sunt.
1405 1606 1518 1674 Scribit

264 1725 345 1793 idem
369 1727 461 1793 etiam
485 1725 615 1793 foederis
637 1726 796 1793 internos
819 1724 889 1791 initi
912 1725 1126 1792 conventiones
1148 1725 1202 1790 tua
1225 1723 1400 1790 assensione
1422 1724 1517 1791 livisse

264 1843 495 1927 comprobatas,
514 1843 593 1928 qnod
616 1843 714 1909 multo
735 1841 826 1908 nobis
856 1841 1070 1926 gratissimum
1093 1839 1167 1918 fuit3
1192 1859 1251 1926 qua
1274 1840 1356 1906 euim
1379 1859 1434 1907 nos
1456 1841 1516 1907 fide

263 1961 295 2024 ct
309 1977 369 2043 qua
385 1957 559 2026 sinceritate
574 1959 670 2025 animi
693 1959 732 2024 ad
747 1957 853 2024 foedus
875 1957 954 2024 illud
968 1955 1152 2022 accessimus
1176 1955 1282 2022 eadem
1305 1961 1410 2022 ser.tull
1430 1957 1514 2022 tuam

263 2093 324 2140 non
348 2075 525 2141 dubitamus
547 2075 581 2141 in
604 2094 638 2141 ec
662 2093 728 2141 esse
749 2092 990 2159 permansuram,
1020 2092 1206 2157 quamquam
1227 2071 1306 2138 illud
1327 2073 1432 2139 foedus
1455 2091 1515 2138 non

263 2192 328 2256 tam
351 2209 429 2257 nova
452 2190 623 2258 coniunctio
638 2191 719 2258 inter
740 2211 796 2258 nos
819 2189 922 2257 extitit
944 2208 1036 2274 quam
1057 2189 1169 2256 veteris
1184 2188 1418 2255 necessitudinis
1440 2207 1514 2256 con·

262 2307 411 2372 firmatio:
442 2306 495 2372 sed
517 2307 552 2372 ut
574 2306 679 2374 foedus
708 2307 809 2374 totum
832 2326 926 2372 unam
955 2305 1049 2372 habet
1077 2324 1218 2371 normam
1240 2306 1271 2370 et
1299 2324 1393 2371 unam
1423 2305 1514 2372 fidem

260 2421 478 2502 observantiae,
501 2424 718 2508 proptereaque
733 2425 849 2489 actores
865 2424 897 2488 et
911 2425 1044 2489 oratores
1060 2422 1107 2487 tui
1129 2422 1182 2506 qui
1197 2423 1324 2506 egerunt
1346 2405 1514 2501 nobiscum,

262 2559 297 2604 ac
320 2557 375 2604 nos
398 2538 451 2626 qpi
474 2559 543 2606 cum
565 2539 630 2605 illis
653 2539 867 2618 contraximus,
896 2557 958 2605 una
979 2537 1039 2605 fide
1061 2539 1093 2604 et
1115 2557 1174 2604 uno
1196 2537 1388 2604 iureiurando
1411 2537 1513 2603 omnia

262 2654 354 2721 simul
384 2655 681 2741 comprehendimus;
712 2655 757 2722 sic
785 2656 819 2722 in
843 2655 975 2741 singulis
1002 2653 1143 2739 partibus
1167 2673 1221 2720 sua
1244 2654 1292 2720 est
1320 2653 1513 2720 observantia

260 2771 428 2838 tribuenda.
473 2773 518 2838 Ac
540 2773 575 2838 ut
597 2773 685 2838 nobis
708 2771 831 2857 quidem
846 2772 973 2852 videtur,
996 2773 1029 2838 in
1052 2772 1116 2838 toto
1132 2769 1249 2837 foedere
1270 2769 1316 2837 ita
1337 2770 1444 2836 habita
1466 2773 1514 2836 esi

260 2887 337 2954 ratio
359 2887 573 2972 amplitudinis
595 2888 666 2955 tuae
688 2890 723 2955 ut
745 2890 866 2955 nostras
889 2889 991 2973 partes
1015 2887 1077 2953 tuis
1100 2903 1161 2952 non
1183 2886 1343 2953 fecerimus
1366 2887 1512 2970 potiorem

259 3004 381 3089 siquid
410 3025 480 3071 vero
503 3003 543 3069 ad
565 3023 619 3070 nos
650 3006 681 3071 et
703 3004 743 3070 ad
766 3001 875 3070 Sedem
905 3002 1104 3088 apostolicam
1134 3000 1222 3068 valde
1244 3001 1399 3085 pertinuit
1430 3002 1510 3086 quod
1582 2981 1587 2988 ’

258 3120 298 3186 ad
318 3120 480 3187 levandam
502 3120 720 3187 contumeliam
743 3139 818 3204 quac
843 3121 968 3185 vacante
991 3116 1067 3184 Sede
1090 3119 1149 3184 livit
1172 3119 1306 3202 accepta,
1329 3119 1361 3183 et
1383 3117 1422 3183 ad
1444 3117 1508 3200 pri·

258 3237 371 3302 stinam
395 3237 619 3322 possessionem
642 3235 879 3320 recuperandam
900 3235 933 3301 in
957 3235 1074 3302 loedere
1102 3233 1161 3300 fuit
1185 3233 1359 3318 appositum
1382 3234 1413 3299 et
1436 3251 1509 3298 san·

258 3353 363 3432 citum,
386 3352 424 3419 de
446 3371 481 3418 eo
503 3354 662 3419 hortamur
685 3357 790 3418 sente¹1¹
814 3353 900 3417 tuam
922 3370 958 3416 ac
981 3351 1064 3416 omni
1088 3349 1184 3416 animi
1213 3350 1312 3416 nostri
1335 3350 1436 3416 studio
1459 3370 1508 3415 re·

256 3468 415 3554 quivimus,
445 3470 480 3534 ut
503 3469 582 3554 quod
604 3467 799 3554 promissum,
829 3468 861 3533 et
883 3466 942 3533 fide
969 3465 1167 3532 iurisiurandi
1195 3483 1249 3550 per
1277 3467 1410 3530 oratores
1440 3467 1508 3530 tuos

256 3603 379 3650 causam
401 3586 489 3650 tuam
504 3583 742 3670 diligentissime
764 3586 891 3669 agentes
913 3583 1127 3648 confirmatum
1149 3581 1217 3662 fuit,
1240 3581 1271 3648 id
1289 3583 1322 3647 ut
1339 3581 1429 3648 nobis
1451 3581 1505 3646 ob·

256 3703 392 3766 servetur
414 3719 449 3767 ac
464 3720 557 3786 quam
571 3701 706 3786 primum
728 3700 899 3784 praestetur
914 3698 990 3765 velis
1013 3699 1145 3776 efficere;
1168 3697 1329 3782 presertim
1344 3717 1414 3766 cum
1429 3697 1509 3764 nihil

256 3816 313 3882 tibi
336 3816 368 3883 in
392 3836 427 3882 eo
449 3815 628 3912 detrahatur
657 3817 785 3882 adverus
808 3835 902 3900 quem.
922 3834 941 3881 a
962 3815 1051 3883 nobis
1074 3813 1242 3880 liberaliter
1264 3815 1312 3880 est
1334 3814 1452 3890 actum;
1475 3815 1507 3880 et

254 3911 347 3999 eiiam
372 3933 438 3999 sine
459 3933 585 4013 foedere,
608 3932 762 4017 digniores
786 3950 841 3998 nos
864 3951 931 3998 esse
954 3931 1119 3999 debeamus
1141 3949 1234 4015 quam
1256 3928 1357 4014 quivis
1380 3929 1459 3995 alius
1473 3927 1506 3994 in

255 4068 329 4133 quos
359 4051 413 4114 tua
443 4049 485 4114 sit
507 4049 546 4114 ad
569 4048 805 4135 gratificandum
827 4067 977 4134 propensa
1005 4048 1157 4113 voluntas.
1203 4041 1407 4126 Quamobrem
1436 4063 1505 4110 vero

254 4184 309 4231 nos
332 4164 420 4249 digni
448 4165 550 4251 magis
579 4185 646 4232 esse
668 4165 841 4243 debeamus,
870 4164 977 4230 iccirco
1000 4181 1061 4229 non
1089 4161 1270 4228 ascribimus
1300 4160 1371 4245 quia
1401 4166 1503 4227 ser.tam

252 4284 338 4346 tuam
369 4300 422 4364 per
445 4300 477 4347 se
500 4280 600 4365 ipsam
629 4279 810 4346 confidimus
832 4279 1021 4362 intelligere,
1051 4279 1082 4344 et
1111 4281 1216 4343 tamen
1238 4278 1276 4342 ab
1298 4276 1366 4360 ipso
1395 4275 1505 4341 nuncio

253 4396 356 4460 nostro
379 4397 411 4461 et
425 4395 514 4461 docta
528 4398 576 4462 est
599 4395 778 4480 etamplius
801 4393 965 4461 docebitur.
996 4391 1084 4459 (terte
1108 4393 1134 4458 si
1156 4392 1215 4457 hnc
1230 4411 1283 4476 spe
1305 4393 1336 4456 et
1351 4391 1504 4475 aequitate

251 4511 474 4593 frustrarcmur,
497 4531 557 4578 non
580 4510 646 4578 sine
669 4529 757 4578 onere
774 4509 861 4578 Sedis
883 4509 1065 4596 spostolicae
1081 4527 1115 4576 ac
1130 4509 1234 4576 nostro
1257 4527 1312 4574 nec
1335 4507 1400 4574 sine
1415 4507 1503 4594 gravi
