3366 5084
766 339 988 406 ..28-

252 532 354 600 ctione
382 534 414 599 et
442 534 563 601 litterae
592 535 663 600 tuae
693 535 725 600 et
753 533 858 600 dilecti
885 532 944 600 filii
972 531 1133 600 Michaelis
1160 529 1270 618 Sylvae
1299 533 1428 600 oratoris
1457 523 1505 599 tui

252 667 351 714 sermo
374 650 462 716 nobis
485 651 655 716 attulerunt
675 652 797 735 propter
814 650 961 717 onmium
983 650 1108 735 quidem
1122 668 1157 715 ac
1179 649 1341 733 paternum
1362 649 1503 715 nostrum

250 764 285 829 in
313 764 476 848 utrumque
504 766 648 832 vestrum.
671 785 806 833 amorem
836 767 926 850 atque
956 766 1103 832 animum.
1154 763 1238 831 Nam
1266 785 1337 830 cum
1366 763 1504 831 Caesone

251 879 349 962 ipsius
381 880 485 947 fausta
515 882 618 948 omnia
650 882 789 966 cupimus
811 883 873 962 tus,
896 883 928 948 ct
958 881 1055 965 patris
1087 882 1295 966 maiorumque
1318 882 1441 946 tuorum
1471 880 1506 944 in

251 995 331 1060 hanc
353 993 383 1063 S.
409 994 518 1063 Ssdcm
547 997 647 1064 officia
668 999 757 1064 nobis
787 999 860 1064 sunt
882 997 973 1064 cordi.
1019 994 1195 1064 (laudemus
1224 997 1320 1082 igitn
1341 997 1374 1062 et
1394 996 1504 1080 gratu·

250 1110 353 1176 lemur
366 1111 400 1176 in
415 1113 537 1180 domino
553 1115 674 1200 utrique
688 1116 833 1195 restrum
849 1116 1041 1196 ueteremque
1056 1115 1191 1180 uestram
1206 1112 1505 1198 consanguinitatem

252 1225 309 1291 hac
331 1246 450 1312 quoque
470 1229 694 1297 necessitudine
722 1230 888 1296 instamari
917 1231 949 1296 et
970 1229 1156 1297 corroborari
1184 1230 1316 1295 maxime
1344 1230 1503 1294 laetamur.

253 1337 388 1428 (tumque
418 1345 524 1414 ambos
555 1365 673 1412 summe
696 1347 873 1432 diligamus,
905 1347 1046 1411 mutuam
1073 1345 1155 1411 inter
1177 1364 1230 1411 ros
1261 1342 1505 1412 benevolentiam
1573 1413 1575 1418 ,
1674 1379 1675 1396 1

251 1457 302 1525 his
325 1480 442 1547 quoque
456 1463 587 1529 meniis
602 1462 766 1548 illigatam,
789 1465 820 1530 ct
834 1465 1012 1548 perpetuam
1026 1481 1093 1528 essa
1116 1462 1148 1527 et
1162 1461 1264 1527 felices
1280 1462 1378 1527 exitus
1392 1461 1505 1527 habero

251 1575 468 1657 desideramus,
490 1578 679 1663 quodetiam
695 1579 875 1645 confidimus
898 1577 1002 1644 dimna
1020 1578 1157 1644 bonitate
1179 1577 1251 1643 freti
1265 1578 1347 1643 certo
1364 1576 1504 1644 susm

250 1712 325 1759 esse.
370 1692 437 1760 Nos
460 1713 535 1778 quae
557 1696 679 1761 nostrae
708 1697 812 1778 partes
834 1694 958 1760 fuerumt
979 1694 1108 1760 fecimus
1129 1692 1344 1773 libentissime,
1366 1693 1402 1758 ut
1423 1692 1504 1777 quod

251 1807 290 1873 ad
312 1809 553 1893 dispensandum
575 1811 747 1895 pertinebat
775 1809 1012 1895 propinquitatis
1042 1809 1172 1894 gadum
1194 1808 1414 1893 impedimento
1436 1827 1503 1874 csse

249 1941 311 1989 non
335 1924 442 1990 debere
465 1924 708 2004 decemeremus3
730 1944 827 2010 neque
849 1927 907 1992 hac
929 1925 1155 2009 dispensatione
1177 1943 1254 2009 quae
1283 1924 1323 1990 ad
1344 1942 1450 2008 paoem
1473 1925 1504 1990 et

250 2040 289 2106 ad
312 2041 504 2107 concordiam
527 2040 769 2126 christianaeque
792 2041 975 2126 reipublicae
1005 2041 1199 2108 commodum
1222 2042 1339 2125 spectat
1368 2039 1503 2106 sanctius

251 2158 283 2223 et
306 2157 470 2223 salutarius
493 2157 705 2224 existimamus
728 2177 794 2224 csse
817 2159 995 2244 quicquam
1024 2157 1246 2242 benignitatem
1270 2175 1340 2223 vero
1366 2157 1504 2222 nostrum

251 2291 345 2357 quam
366 2273 426 2339 tibi
455 2292 575 2356 semper
602 2272 742 2340 volumus
765 2293 832 2340 esse
854 2275 1003 2358 paratam,
1025 2273 1072 2339 ita
1092 2273 1329 2357 temperavimus
1360 2274 1396 2337 ut
1417 2273 1504 2338 tuam

251 2406 368 2471 quoque
393 2387 589 2454 serenitatem
611 2389 740 2454 velimus
762 2389 794 2455 in
810 2390 923 2456 bonam
944 2389 1065 2473 partem
1079 2389 1212 2472 accipere
1227 2387 1343 2473 aliquid
1360 2386 1504 2453 maximis

251 2502 486 2569 necessitatibus
510 2502 597 2570 Sedis
627 2504 809 2588 apostolieae
832 2525 851 2570 a
873 2505 962 2570 nobis
992 2503 1087 2569 fuisso
1117 2503 1232 2570 dabam
1278 2504 1377 2570 Deum
1400 2502 1502 2569 omni·

249 2596 406 2702 potentem
429 2620 581 2703 supplices
604 2619 800 2704 deprecamur
814 2623 850 2686 ut
871 2622 990 2687 vestrae
1005 2639 1086 2685 nuno
1109 2621 1227 2686 mentes
1243 2619 1401 2685 coniuncta
1423 2617 1504 2684 inter

251 2753 284 2799 se
300 2733 338 2798 ad
353 2734 411 2799 Dei
425 2735 571 2802 honoram
586 2753 621 2801 ao
636 2755 747 2802 nomen
762 2735 991 2821 propagandum
1006 2735 1322 2820 tranquillitatemque
1344 2753 1380 2799 ac
1397 2752 1503 2818 pacem

251 2849 487 2915 christianitatis
503 2850 720 2917 conficiendam
735 2851 862 2917 mndant
878 2853 968 2936 atque
983 2851 1188 2926 consentiant;
1209 2847 1300 2935 idque
1316 2868 1385 2915 cum
1401 2851 1503 2914 vostra

250 2964 340 3032 laude
355 2969 386 3032 ct
400 2967 526 3050 perenni
548 2967 683 3032 ubilaba
701 2967 746 3032 ita
759 2966 816 3032 fiat
839 2968 873 3032 ut
888 2966 1056 3032 christiana
1071 2966 1240 3050 respublica
1256 2967 1369 3032 bonam
1383 2965 1503 3049 partem

251 3081 360 3147 salutis
384 3101 455 3148 suae
478 3081 614 3166 ubisque
643 3082 730 3148 vohis
760 3082 871 3148 referet
893 3083 1056 3166 acceptam.
1102 3079 1186 3162 Quae
1208 3081 1312 3148 omnia
1334 3081 1372 3146 ab
1395 3079 1501 3147 eodem

250 3197 368 3262 oratore
389 3197 442 3262 tuo
464 3197 579 3262 nostris
602 3198 703 3264 verbis
725 3198 820 3264 latius
838 3197 995 3283 intelliges
1018 3197 1067 3263 cui
1088 3196 1181 3264 fidem
1204 3197 1341 3263 habebis.
1385 3195 1502 3264 Romae

251 3310 301 3377 die
323 3311 405 3376 xxvii
426 3311 562 3396 Augusti
583 3313 731 3380 mdxxiii‘n
776 3311 866 3378 Anno
889 3312 997 3397 primo.

847 3503 900 3568 21.

698 3642 785 3714 Regi
808 3640 1060 3713 portugalliae.

338 3772 511 3841 Carissimo.
555 3775 674 3841 Ductus
697 3776 745 3842 est
773 3776 845 3841 autc
873 3778 1068 3860 conspectum
1090 3777 1230 3841 nostrum
1252 3774 1280 3840 is
1304 3773 1357 3859 qui
1385 3773 1425 3840 ad
1448 3791 1498 3840 sc·

248 3889 410 3956 raritatem
432 3891 520 3955 tuam
534 3890 591 3955 has
612 3891 732 3956 litteras
748 3891 863 3972 attolit,
878 3890 980 3958 David
995 3888 1166 3959 Salomonis
1189 3890 1318 3956 hebreus
1336 3888 1501 3972 habitator,

248 4006 284 4070 ut
305 4005 449 4083 refenmt
471 4004 584 4072 deserti
599 4003 732 4083 Ohahor3
755 4025 813 4090 quo
835 4005 870 4071 in
890 4008 964 4088 loeo,
988 4009 1023 4072 ut
1044 4027 1098 4092 per
1121 4006 1302 4089 interpretes
1317 4005 1377 4070 brit
1400 4004 1499 4088 signi·

248 4119 382 4199 licabrm,
405 4120 637 4187 innumerabilis
659 4142 734 4206 pene
749 4121 916 4188 multitudo
938 4121 1004 4188 eius
1019 4122 1121 4206 gentis
1145 4121 1248 4208 sedem
1263 4121 1295 4186 ct
1310 4119 1500 4186 domicilium

248 4234 350 4315 habet,
382 4236 475 4320 quia
502 4236 645 4303 finitimis
676 4237 756 4302 bello
783 4237 931 4322 exagitati
959 4236 1146 4303 Msumethis
1176 4235 1344 4300 cultoribus
1373 4233 1499 4315 Mauris,

249 4351 360 4434 quibus
384 4353 474 4418 antea
497 4352 666 4436 superiores
689 4353 784 4432 erant,
813 4371 864 4418 ecs
886 4371 968 4418 nunc
989 4351 1098 4417 timore
1120 4352 1270 4436 eogrmtur
1291 4351 1414 4436 propter
1436 4349 1500 4416 uim

248 4467 468 4534 tormentorum
499 4485 669 4548 aencorum,
701 4486 830 4552 quorum
851 4486 925 4534 usus
947 4468 979 4532 et
1002 4466 1129 4533 scientia
1158 4465 1198 4532 ad
1222 4466 1295 4532 illas
1324 4484 1500 4532 maurorum
