3366 5084
777 369 975 432 -6-

248 563 307 629 tibi
329 564 452 630 creditis
475 561 637 642 iustitiam,
660 565 691 628 et
713 563 746 628 in
764 563 958 647 amplissima
979 563 1130 646 potestate
1152 563 1218 647 pari
1234 565 1396 630 clementia
1418 565 1499 630 tem

247 681 381 764 peranda
395 679 643 760 moderationem,
659 680 690 743 et
705 679 888 744 christianae
902 678 1060 763 religionis
1075 679 1229 763 integram
1244 700 1353 764 puram
1367 681 1499 745 inviola-

248 798 372 879 tamque
395 795 629 874 observantiam,
652 795 685 858 in
701 793 801 860 Deum
824 813 941 878 quoque
963 795 1066 877 ipsum
1081 797 1113 860 et
1135 796 1237 861 omnia
1261 816 1336 879 quae
1350 796 1409 861 Dei
1428 797 1501 860 sunt

248 911 462 977 admirabilem
486 929 604 976 sumere
618 911 765 993 pietatem
780 910 974 994 respicimus:
998 930 1068 975 curn
1082 910 1286 995 intelligimus
1302 913 1333 976 et
1348 911 1500 976 cemimus

249 1027 398 1111 quantum
427 1027 567 1092 inbelle
596 1026 733 1092 consiliis
762 1027 794 1090 et
815 1026 928 1091 virtute
957 1026 1080 1110 polleas,
1113 1027 1147 1092 111
1168 1045 1242 1110 pace
1271 1029 1306 1092 ut
1335 1028 1437 1092 omnin
1461 1027 1500 1090 ad

249 1142 440 1208 subditorum
463 1143 595 1208 salutem
618 1141 777 1226 dirigenda
799 1142 896 1225 putes,
930 1142 1185 1225 quemadmodum
1215 1143 1249 1208 in
1270 1162 1366 1209 unum
1388 1161 1498 1226 prope·

245 1257 374 1324 modum
409 1277 518 1343 regum
547 1259 684 1323 omnium
717 1257 855 1322 inaudita
891 1257 1023 1340 quadam
1053 1257 1266 1342 magnitudine
1294 1259 1411 1343 ingenii
1440 1259 1499 1323 duo

248 1373 368 1439 diversa
391 1374 493 1440 studia
514 1374 665 1439 inunum
689 1373 848 1439 coniuncta
870 1372 993 1451 habeas,
1017 1373 1048 1437 et
1071 1374 1150 1456 quod
1172 1374 1204 1438 in
1228 1373 1365 1440 doctrina
1388 1393 1423 1438 ac
1446 1391 1498 1439 aa·

247 1489 363 1572 pientia
385 1490 517 1572 positam
540 1491 674 1573 quietem
697 1489 728 1554 et
759 1488 943 1554 suavitatem
965 1488 1140 1554 huiusmodi
1170 1488 1445 1574 contemplationis,
1468 1491 1500 1554 et

247 1604 327 1689 quod
354 1605 389 1671 in
417 1606 553 1670 tumultu
589 1605 819 1687 actionibusque
856 1601 998 1669 civilibus
1028 1606 1181 1688 agitatum
1212 1625 1317 1671 curam
1349 1605 1498 1688 suscipias

246 1721 382 1801 rationis,
405 1721 439 1786 in
461 1721 587 1804 utroque
609 1740 679 1785 vero
701 1739 797 1802 usque
820 1718 894 1785 adeo
917 1720 1046 1784 excellas
1069 1722 1105 1785 ut
1126 1721 1225 1804 possis
1242 1741 1312 1786 cnm
1334 1720 1373 1786 iis
1398 1720 1498 1804 quiin

246 1836 378 1920 singulis
394 1837 588 1902 elaborarumt
609 1835 753 1900 maximis
769 1835 800 1899 et
821 1833 1070 1917 prudentissimis
1092 1836 1280 1920 principibus
1296 1835 1497 1920 aequiparari:

245 1953 321 2017 haec
342 1951 502 2036 inquibus
525 1950 562 2015 de
585 1951 701 2015 tecum
724 1950 894 2033 cogitamus
917 1951 948 2014 et
966 1951 1170 2034 agnoscimus,
1193 1971 1316 2017 ornnem
1329 1952 1497 2016 humanam

192 2056 198 2069 ⁸
246 2067 370 2133 laudem
392 2067 446 2132 tua
467 2065 640 2131 incredibili
655 2065 768 2131 virtute
783 2064 957 2130 inferiorem
981 2067 1152 2131 statuamus
1168 2053 1290 2133 necesse
1313 2069 1367 2132 est.
1397 2067 1497 2149 Atque

245 2184 320 2247 haec
335 2183 421 2247 tanto
437 2181 515 2246 inte
531 2181 752 2264 praestantiora
771 2179 1055 2265 admirabilioraque
1072 2183 1152 2261 sunt,
1168 2183 1248 2267 quod
1262 2184 1348 2247 nulla
1363 2201 1496 2265 uuquam

246 2299 368 2382 querela
382 2297 504 2376 violata
519 2297 605 2362 nulla
627 2296 864 2362 commutatione
879 2297 1046 2362 voluntatis
1062 2297 1184 2363 luerunt
1198 2298 1378 2381 interrupta,
1401 2314 1496 2379 neque

244 2432 315 2480 vero
331 2415 384 2477 aut
405 2414 542 2497 privatae
564 2411 742 2496 cupiditatis
765 2431 856 2477 causa
872 2411 1032 2489 simulata;
1055 2414 1109 2478 aut
1123 2413 1263 2497 populari
1284 2413 1400 2498 gloriae
1415 2412 1495 2488 data,

246 2529 299 2594 sed
332 2547 403 2594 vera
432 2529 463 2594 et
489 2528 664 2611 incorrupta
692 2527 791 2593 virtus
819 2547 876 2593 nec
903 2528 1074 2612 praemium
1102 2529 1186 2594 aliud
1214 2529 1374 2613 requisivit
1403 2545 1494 2611 quarn

245 2644 443 2728 semetipsam
466 2645 497 2709 et
512 2645 667 2709 theatrum
689 2645 814 2710 unicum
837 2663 908 2710 suae
924 2644 1038 2728 gloriae
1060 2645 1158 2710 voluit
1180 2665 1246 2711 esse
1261 2646 1370 2724 Deum,
1393 2644 1495 2726 itaque

244 2759 279 2825 in
301 2757 414 2824 divinis
436 2759 523 2824 firme
547 2777 667 2824 versare
697 2760 786 2825 rebus
809 2759 981 2826 incredibili
1011 2760 1142 2844 quodam
1171 2761 1260 2828 modo
1288 2763 1319 2826 et
1341 2757 1496 2826 communi

244 2875 372 2940 naturae
394 2875 577 2959 repugnanti
599 2875 808 2941 celebritatem
831 2877 970 2941 assecuta
992 2877 1047 2940 est.
1082 2875 1165 2940 Nam
1188 2895 1257 2940 cum
1280 2876 1355 2942 belli
1376 2876 1494 2940 labores

244 2991 276 3054 et
297 2990 431 3072 pericula
453 2991 491 3055 ob
507 3009 558 3056 eas
581 3009 689 3056 causas
705 2991 909 3075 suscipiantur
923 2993 959 3055 ut
981 2991 1035 3055 aut
1056 2991 1134 3056 ultio
1155 2992 1285 3080 iniuriae
1300 2993 1338 3058 ab
1353 2990 1494 3055 hostibus

244 3107 407 3188 repetatur,
431 3107 484 3170 aut
498 3106 568 3188 plus
583 3106 716 3173 habendi
732 3105 882 3189 cupiditas
898 3107 1061 3190 expleatur,
1083 3107 1118 3171 tu
1133 3109 1218 3174 nulle
1232 3107 1378 3192 privatim
1392 3107 1494 3170 laesus

243 3221 356 3287 iniuria
377 3221 494 3286 nullius
509 3221 553 3285 rei
569 3221 686 3288 alienae
701 3222 854 3306 appetens,
870 3221 923 3287 ubi
945 3223 1079 3306 primum
1095 3223 1219 3290 sensisti
1238 3226 1375 3290 sanctam
1391 3221 1494 3287 sedem

244 3336 443 3421 apostolicam
465 3338 496 3401 et
518 3337 755 3402 ecclesiasticam
776 3337 952 3402 libertatem
974 3337 1075 3402 vocari
1096 3339 1130 3402 in
1151 3339 1323 3418 discrimen,
1345 3341 1492 3420 tanquam

242 3455 312 3538 pius
334 3454 417 3519 filius
433 3453 543 3519 matris
558 3456 645 3519 tuam
659 3453 853 3538 implorantis
868 3473 964 3538 opem,
979 3474 1041 3520 non
1058 3455 1215 3532 excitatus,
1230 3456 1346 3520 bellum
1369 3452 1493 3517 difficile

242 3570 333 3654 atquo
366 3569 496 3635 arduum
532 3569 708 3652 suscepisti,
744 3570 888 3653 tuamque
924 3571 1223 3653 praestantissimam
1252 3571 1397 3635 1111111111
1417 3568 1491 3642 ‚suis

242 3685 401 3752 affectibus
423 3685 585 3768 placatam,
614 3685 745 3750 liberam
767 3684 884 3764 ahenis,
913 3704 1018 3751 veram
1046 3688 1078 3751 ot
1109 3685 1280 3751 animosam
1310 3683 1491 3770 praebuisti:

242 3800 350 3866 deinde
372 3820 442 3866 vero
465 3819 536 3865 cum
557 3800 760 3866 reconciliatis
783 3801 896 3865 animis
919 3819 1023 3867 eorum
1045 3803 1097 3886 qui
1121 3799 1192 3868 Sedi
1210 3801 1306 3885 spese.
1330 3801 1393 3866 vim
1416 3801 1489 3865 affe·

240 3915 349 3982 rebant
370 3915 523 3999 expediret
538 3915 722 3982 christianae
737 3915 920 3998 reipublicae
938 3936 1023 3981 arma
1039 3917 1149 4001 ubique
1164 3917 1244 4000 poni,
1267 3919 1301 3981 tu
1317 3935 1490 4000 quanquam

241 4031 337 4096 victor
359 4033 391 4096 et
404 4031 438 4095 iu
452 4030 589 4096 hostium
612 4049 684 4115 agro
699 4031 838 4114 pluribus
855 4051 959 4096 eorum
974 4031 1036 4096 iam
1052 4033 1179 4098 urbibus
1196 4032 1375 4116 expugnatis
1391 4032 1491 4096 castra

241 4146 367 4226 habens,
390 4147 424 4212 in
446 4147 681 4230 obtemperando
704 4148 771 4211 tum
793 4147 932 4230 publicae
955 4147 1084 4212 utilitati
1106 4147 1232 4213 voluisti
1253 4167 1320 4212 esse
1342 4147 1490 4230 princeps,

239 4280 336 4344 neque
358 4281 446 4327 arma
468 4262 575 4341 solum,
598 4261 630 4326 id
653 4260 733 4346 quod
756 4261 811 4327 alii
832 4280 950 4346 quoque
972 4263 1106 4345 egerunt,
1133 4263 1186 4327 sed
1208 4262 1366 4328 victoriam
1390 4263 1489 4346 ipsam

239 4375 396 4455 dimisisti,
418 4377 509 4461 longe
532 4376 680 4443 maiorem
702 4378 733 4443 et
756 4376 936 4442 diviniorem
953 4377 1114 4442 victoriam
1136 4379 1258 4453 nactus3
1282 4378 1385 4443 vicisti
1407 4378 1488 4444 enim

238 4493 327 4558 tuum
350 4491 488 4558 animum
511 4492 564 4578 qui
587 4495 754 4560 ceterorum
783 4491 921 4560 omnium
943 4492 1094 4578 potuisset
1120 4512 1187 4560 esse
1209 4493 1319 4562 victor:
1350 4493 1395 4561 ita
1418 4513 1488 4565 cum
