3366 5084
232 301 280 374 lv

233 505 349 572 rarium
371 507 605 574 monumentum
628 505 906 592 praeclarissimum
929 505 994 576 iure
1010 507 1125 594 optimo
1140 505 1247 589 haberi
1269 512 1390 595 queant.
1419 509 1483 580 Ve-

231 641 302 688 rum
317 642 352 688 ex
368 623 418 688 his
434 623 484 689 vix
499 624 617 708 aliquot
638 644 693 709 por
707 624 740 690 id
754 627 877 710 tempus
900 625 1083 702 edebantur;
1106 645 1161 692 neo
1180 646 1300 710 semper
1315 629 1482 708 constabat

232 757 251 802 a
272 757 332 821 quo
347 741 448 804 essent
463 739 592 804 exarati:
616 741 648 804 in
663 739 742 807 libro
757 742 861 807 autem
876 741 1024 825 impresso
1039 742 1246 825 epistolarum,
1269 762 1344 827 quas
1360 744 1484 828 scripsit

232 851 401 933 Sadoletus,
424 873 519 938 paene
534 874 639 922 omnes
655 855 872 922 desiderantur.
903 856 1010 940 ltaque
1030 875 1119 923 nemo
1142 875 1202 923 non
1218 857 1309 938 ridet
1332 861 1481 943 quantum

194 997 199 1008 ¹
230 969 322 1053 pretii
345 987 380 1034 ac
402 971 560 1050 momenti,
583 971 733 1037 litterario
755 974 902 1056 respectu,
925 974 1049 1038 nostrae
1072 972 1144 1038 huic
1166 973 1294 1039 editioni
1317 995 1352 1040 en
1371 994 1405 1040 eo
1428 993 1480 1040 ao-

231 1083 327 1164 oedat,
350 1085 431 1168 quod
452 1087 541 1152 nobis
571 1085 660 1151 licuit
683 1086 752 1152 illos
776 1107 811 1152 ex
832 1088 900 1170 ipso
924 1085 1060 1153 Sedoleti
1090 1090 1279 1173 autographo
1302 1089 1480 1168 describere,

229 1200 276 1266 uti
300 1202 373 1266 sunt
401 1201 434 1266 in
463 1202 572 1285 primis
601 1202 879 1286 perscriptionibus,
909 1205 1001 1287 atquo
1031 1203 1105 1269 adeo
1135 1205 1294 1271 observare
1323 1207 1355 1271 et
1384 1206 1480 1271 veluti

228 1316 362 1400 arripere
384 1316 502 1396 lituras,
526 1316 766 1396 immutationes
796 1317 1006 1383 additamenta
1029 1319 1078 1385 vel
1100 1320 1243 1396 minima3
1267 1321 1347 1387 unde
1370 1321 1415 1400 fit
1445 1323 1481 1385 ut

227 1431 384 1498 interdum
406 1431 517 1498 intima
539 1433 653 1498 mentis
676 1434 812 1517 cogitata
834 1453 870 1498 eo
884 1433 1035 1517 penitiora
1058 1453 1147 1501 sensa
1166 1435 1256 1501 facile
1278 1437 1479 1516 innotescant

228 1548 339 1632 quibus
361 1547 514 1633 pontificis
528 1567 607 1614 max.
631 1549 753 1614 animus
775 1548 974 1629 afficiebatur,
998 1569 1134 1635 quaeque
1150 1571 1186 1618 ex
1201 1571 1303 1617 rerum
1327 1552 1479 1619 adiunctis

227 1665 386 1748 oportebat
409 1663 540 1748 quodam
562 1665 651 1748 quasi
674 1664 742 1730 velo
765 1664 889 1748 operire.

315 1780 454 1846 Profecto
477 1780 600 1846 litterae
630 1778 669 1844 ad
690 1780 823 1864 Angliee
846 1782 877 1846 et
899 1779 1075 1847 Lusitaniae
1105 1801 1194 1866 reges
1216 1782 1304 1850 datae
1327 1782 1476 1868 manissi-

225 1913 346 1963 marum
367 1914 471 1962 rerum
493 1896 620 1964 notitias
649 1913 686 1960 ac
707 1895 889 1961 documenta
919 1896 951 1962 et
982 1896 1073 1963 effata
1099 1898 1246 1980 praebent
1269 1898 1477 1976 nobilissima;

224 2010 329 2091 immo,
351 2030 428 2095 quas
442 2011 575 2096 legimns
598 2010 637 2076 nd
652 2012 848 2078 Franciscum
863 2013 896 2090 1.,
920 2011 959 2077 ad
973 2013 1076 2096 Lenop
1096 2032 1264 2098 protegam,
1288 2017 1320 2080 et
1342 2014 1475 2079 maxime

224 2126 264 2192 ad
286 2125 429 2193 Gerulum
452 2127 489 2192 V.
512 2127 631 2206 missos,
661 2147 713 2194 eae
737 2130 817 2207 sunt
848 2130 884 2193 ut
906 2127 990 2194 nullo
1013 2128 1102 2195 modo
1129 2129 1248 2212 possint
1270 2131 1308 2195 ab
1332 2130 1475 2196 historico

223 2242 392 2327 praeteriri,
421 2243 476 2326 qni
504 2245 677 2326 temporum
698 2262 862 2328 remmque
890 2245 1033 2310 naturam
1063 2243 1203 2311 funditus
1232 2263 1411 2329 cognoscere
1438 2263 1475 2310 ac

223 2361 381 2443 penetrare
405 2359 488 2424 velit.
519 2358 682 2425 ldnimrero
706 2378 741 2425 ex
764 2359 812 2436 iis,
836 2377 914 2442 quae
936 2377 954 2424 a
977 2359 1473 2446 nonisJanueriisanni15251)

223 2474 347 2558 scripsit
369 2471 509 2540 Clemens
532 2471 646 2552 Carolo,
670 2473 740 2539 dein
763 2473 873 2556 Anglis
896 2477 928 2539 et
942 2474 1101 2562 Venetisl)
1125 2493 1160 2542 ac
1182 2475 1378 2559 potissimum
1394 2473 1473 2541 Ger·

223 2590 343 2656 maniae
372 2587 588 2673 principibus³)
618 2589 790 2672 iterumque
813 2587 951 2675 Carolo⁴)
982 2591 1031 2656 sui
1053 2589 1204 2674 purgandi
1230 2591 1338 2675 gratia,
1366 2608 1474 2656 causae

222 2707 370 2772 eruuntur
393 2705 517 2772 illarum
540 2705 754 2783 mutationum,
784 2705 894 2789 quibus
917 2706 997 2788 qnod
1018 2706 1052 2771 in
1074 2706 1198 2789 politica
1221 2705 1332 2790 agendi
1354 2705 1473 2771 ratione

221 2822 291 2906 plus
312 2839 407 2906 aequo
429 2821 600 2900 indulserit
623 2820 689 2904 ipse
710 2840 728 2886 a
750 2820 906 2886 nonnullis
929 2821 1082 2887 historicis
1105 2822 1182 2887 falso
1204 2823 1370 2887 accusatur.
1403 2819 1471 2900 Qui,

221 2956 317 3021 quum
340 2935 465 3004 Carolus
487 2936 636 3002 celebrem
659 2935 747 3000 illam
769 2935 808 3000 ad
830 2935 972 3001 Ticinum
999 2936 1037 3002 de
1061 2935 1188 3002 Gallicis
1216 2935 1399 3002 exercitibus
1422 2935 1469 3000 ri·

221 3053 350 3118 ctoriam
372 3053 556 3136 reportasset
577 3050 739 3135 ipsumque
761 3047 881 3117 Galliae
905 3069 1009 3134 regem
1031 3052 1175 3135 cepisset,
1200 3051 1273 3116 dum
1297 3051 1337 3117 ad
1359 3051 1472 3134 captivi

221 3170 353 3234 matrem
380 3163 571 3251 scribebatl)
602 3169 638 3232 ut
660 3165 776 3250 aliquid
805 3165 906 3231 solatii
936 3167 968 3232 in
991 3168 1078 3232 tanta
1107 3186 1252 3234 aerumna
1281 3166 1346 3234 eius
1369 3165 1470 3233 animo

220 3283 348 3362 edomet
370 3284 509 3367 impense
531 3283 664 3360 curabat
688 3283 724 3346 ut
745 3281 953 3366 potentissimi
972 3281 1147 3361 adversarii,
1170 3281 1249 3348 alter
1271 3301 1342 3348 cum
1364 3281 1469 3361 altero,

219 3417 326 3482 pacem
348 3400 571 3483 componerent
601 3398 795 3475 tumetium,
824 3399 857 3463 ul
882 3397 978 3464 victor
1007 3415 1150 3464 successu
1172 3415 1328 3463 armorum
1350 3399 1471 3464 caveret

219 3515 314 3594 abuti,
337 3515 399 3594 sed,
422 3517 564 3598 prospera
586 3515 708 3580 fortuna
730 3512 885 3579 moderate
908 3499 991 3592 risus,
1015 3512 1158 3578 victoriae
1181 3511 1299 3578 ductus
1322 3513 1354 3579 ln
1378 3511 1467 3579 Chri·

218 3629 335 3697 atienae
363 3629 548 3714 reipublicae
577 3629 769 3695 commodum
800 3629 1028 3712 oblitatemqne
1050 3629 1275 3712 converteretlt
1322 3626 1469 3707 Quocirca

217 3745 300 3811 idem
322 3745 458 3829 pontifex
480 3763 541 3810 non
568 3745 722 3810 dubitavit
751 3743 893 3809 Cerolum
920 3743 1016 3809 libere
1037 3742 1216 3827 fortiterque
1239 3742 1467 3827 reprehendere,

219 3861 298 3944 quod
320 3859 357 3939 ie,
379 3879 433 3926 suo
448 3863 571 3926 tantum
594 3860 711 3926 nomini
726 3878 857 3943 suaeque
880 3859 1036 3942 potentiae
1058 3860 1091 3924 in
1107 3859 1171 3924 dies
1187 3858 1288 3942 magis
1311 3860 1468 3943 augendae

218 3977 364 4054 intentus,
387 3975 425 4041 de
447 3974 672 4042 averruncando
688 3975 821 4058 periculo
841 3975 1017 4052 Tartarum,
1032 3975 1184 4057 Europam
1207 3973 1350 4040 invadere
1372 3974 1466 4040 mini·

218 4091 361 4172 tantiam.
384 4091 503 4156 nullam
526 4109 630 4157 curam
653 4092 836 4175 capesseret;
860 4089 905 4156 uti
921 4089 1010 4157 docet
1031 4089 1160 4173 epistola
1181 4089 1271 4155 nonis
1286 4089 1377 4156 Maiis
1394 4091 1468 4156 anni

310 4359 403 4422 unce.
425 4361 689 4422 aureatam.
727 4354 1011 4427 quaequae.
1048 4357 1327 4420 onesimum.

307 4454 328 4522 ⁴)
347 4459 403 4512 noe.
423 4461 464 4519 re,
483 4459 523 4510 or.
543 4460 586 4509 er.
624 4456 879 4518 nuceranae.
915 4455 1012 4526 qnae
1031 4459 1073 4518 er,
1092 4459 1134 4520 ee,
1153 4459 1186 4509 oe
1205 4461 1251 4508 uc
