3396 5090
242 1126 455 1221 BRllVlA
480 1125 556 1221 AD
582 1125 896 1221 PRINCIPES
920 1123 1250 1220 clausulis
1276 1123 1372 1218 Vll.

753 1305 864 1368 1526.

726 1481 884 1490 0-———--—-

269 1619 472 1705 Stn'gonlensi
487 1620 719 1704 archiepiscopo.
764 1621 933 1700 Promittit
951 1621 1100 1705 qnantum
1115 1619 1149 1686 in
1165 1640 1197 1686 se
1212 1622 1268 1698 est,
1292 1640 1325 1687 se
1339 1621 1431 1686 illum

178 1735 384 1804 cardinalatus
400 1735 744 1822 dignitateornaturum.
767 1737 883 1803 Romae
893 1755 919 1802 v.
929 1735 1071 1802 Januarii
1080 1735 1210 1802 mdnvi.
1233 1735 1431 1802 Annotertio.

268 1897 347 1982 aega
376 1896 559 1982 sanares
604 1853 897 1982 asperam-au
919 1897 984 1963 eius
1006 1897 1126 1963 naara
1149 1896 1187 1962 aa
1209 1896 1433 1980 aauepnapo

181 2011 384 2098 Strigoniansi
406 2011 439 2078 in
461 2012 647 2080 cardinalem
668 2011 879 2097 promovendo.
924 2012 1038 2080 Eodem
1060 2012 1109 2079 die
1131 2015 1163 2078 et
1184 2030 1272 2078 anno.

774 2255 847 2322 162.

604 2448 609 2462 .
647 2401 733 2475 Regi
755 2403 973 2474 Hungarlae.

270 2535 443 2603 Garbsime.
488 2537 547 2603 Pto
569 2538 675 2602 nostra
697 2539 824 2622 paterna
853 2556 925 2603 eura
947 2539 979 2604 et
999 2536 1163 2622 amnuo
1190 2555 1264 2622 erga
1286 2557 1335 2604 res
1364 2540 1434 2604 tuas

182 2653 275 2719 scribi
298 2652 512 2719 mandavimus
535 2652 644 2718 dilecto
667 2653 731 2718 iilio
747 2653 861 2719 Baroni
878 2650 1014 2738 (Burgii)
1030 2653 1140 2719 nuncio
1163 2653 1267 2719 nostro
1286 2651 1435 2738 quaedam

182 2787 258 2854 quae
281 2788 351 2834 cum
373 2769 427 2834 tua
450 2775 531 2834 ser.to
553 2768 653 2834 uerbis
683 2768 798 2834 nostris
820 2768 1024 2834 communicat
1047 2767 1087 2834 ad
1110 2768 1296 2835 salutemet
1319 2771 1436 2835 statum

182 2883 270 2969 regni
292 2884 323 2950 et
344 2883 535 2949 auctoritatis
559 2885 629 2950 tuae
652 2883 740 2950 valde
762 2883 962 2968 pertinentia3
985 2884 1120 2968 petimus
1144 2903 1163 2948 a
1184 2885 1224 2962 le,
1248 2883 1274 2951 si
1298 2883 1436 2950 animum

182 2999 322 3065 nostrum
344 3016 417 3083 erga
434 3001 465 3065 le
487 2999 613 3082 plenum
628 2998 860 3064 amantissimae
883 2997 1101 3064 sollicitudinis
1116 2999 1309 3082 perspectum
1331 2999 1435 3078 habes,

182 3116 218 3180 ut
239 3117 271 3180 et
292 3113 341 3180 illi
362 3113 455 3180 fidem
476 3114 590 3180 habeas
613 3116 644 3180 et
672 3113 787 3180 nostnis
810 3113 947 3180 consiliis
977 3113 1163 3198 obsequaris,
1193 3113 1362 3199 exquibus
1385 3114 1434 3180 di·

183 3227 288 3314 gnitas
310 3231 342 3295 et
363 3227 534 3313 amplitudo
557 3233 646 3295 serti·
666 3231 736 3295 tuae
759 3227 893 3295 maxime
907 3227 1144 3295 confirmabitur.
1190 3230 1306 3296 Datum
1321 3231 1437 3297 Romae

109 3355 114 3366 ·
183 3347 219 3411 ut
242 3363 341 3430 snpra

756 3437 863 3446 ...nn—.-

272 3505 351 3574 Duoi
366 3503 496 3573 Galriae
512 3542 556 3554 -
571 3506 795 3590 Responsirnm
804 3507 843 3572 ad
858 3507 924 3574 eius
942 3507 1071 3574 litteras.
1087 3543 1132 3553 -
1146 3506 1290 3572 Testatur
1304 3505 1439 3591 pontifex

184 3640 217 3688 se
239 3621 276 3690 de
299 3641 333 3689 eo
356 3621 480 3688 nonnisi
502 3621 578 3688 bona
600 3624 632 3688 et
653 3622 817 3688 honorifice
839 3622 981 3701 iudicare,
1010 3621 1083 3687 lieet
1103 3621 1301 3706 privilegium
1323 3622 1382 3688 fori
1403 3623 1438 3690 in

185 3755 277 3803 cansa
300 3736 436 3804 eiusdem
459 3736 545 3803 ducis
568 3739 673 3804 coum
695 3735 783 3803 Joan
806 3736 1021 3822 Jugenwinkel
1042 3737 1197 3804 notafinm
1218 3739 1250 3803 et
1264 3736 1437 3806 referenda·

185 3851 268 3918 rium
290 3872 389 3932 suum,
411 3853 492 3918 tueri
514 3853 648 3938 cogatur.
693 3851 752 3919 Die
773 3853 812 3918 ix.
836 3851 977 3919 Jannarii
999 3851 1129 3920 mdxxvi
1175 3853 1264 3919 Anno
1286 3853 1386 3921 tardo

778 4085 851 4152 163.

550 4231 821 4306 Archieplscopi
843 4231 1076 4304 strigonensl.

225 4443 226 4448 ἵ
275 4364 469 4434 Venerabilis
492 4367 602 4457 irater.¹
629 4365 710 4452 *Non
731 4367 870 4451 ingratae
891 4366 981 4433 nobis
1002 4366 1125 4434 fuerunt
1146 4367 1348 4438 fiaoernibtis
1371 4371 1442 4437 tuae

186 4482 308 4550 litterae
337 4499 415 4567 quae
443 4481 518 4550 dum
540 4485 572 4550 te
594 4501 664 4549 cum
695 4468 797 4568 alirino
826 4482 928 4549 dolore
956 4483 1034 4550 ferre
1064 4483 1241 4568 significant
1263 4485 1385 4568 siquid
1407 4485 1450 4550 in.

1224 4593 1280 4658 14*
