3364 5102
662 389 906 457 -ert-

156 586 265 672 cupida
287 588 378 672 atque
400 583 510 653 ardeus
533 585 681 652 serenitas
703 585 806 651 vestra
828 583 948 664 existat,
971 583 1053 668 egris
1075 584 1107 651 et
1121 584 1296 652 labentibus
1318 586 1409 652 rebus

155 705 255 791 plebia
277 703 470 782 christianae,
495 703 661 768 salutarem
683 721 810 768 manum
833 699 1022 781 admouendi,
1046 700 1140 767 simul
1157 701 1189 768 et
1204 702 1239 767 ot
1253 701 1313 787 ipsi
1328 701 1408 766 Tur·

157 841 260 888 aarum
285 820 407 906 tyranni
434 819 593 886 conatibus
624 819 833 884 sacrosanctae
856 817 929 884 fidei
959 819 1080 885 nostrae
1105 818 1277 884 saevissimi
1303 817 1410 896 bostis,

156 937 278 1005 obviam
293 935 464 1022 procedant,
480 954 515 1000 ac
530 935 646 1000 malum
662 934 728 1016 boc,
743 933 822 1020 quod
837 935 978 1021 gentium
992 934 1228 1000 christianarum
1244 932 1410 1000 cervicibus

156 1053 317 1120 imminere
333 1053 434 1136 palam
450 1051 670 1137 conspicamur,
686 1053 850 1137 numquam
864 1051 988 1136 longius
1003 1051 1113 1135 serpat,
1128 1070 1163 1116 aa
1177 1051 1332 1118 robustius
1347 1051 1410 1131 fiet,

156 1171 190 1238 in
219 1171 369 1255 tempere,
400 1188 416 1235 e
445 1167 545 1235 medio
576 1167 757 1235 sublevetur.
811 1165 913 1249 Quum
942 1166 1048 1234 eadem
1077 1167 1225 1234 serenitas
1252 1169 1354 1234 uestra
1375 1187 1411 1235 eo

157 1287 242 1373 regio
266 1288 297 1352 st
326 1285 442 1353 excelso
473 1283 515 1350 ait
537 1283 648 1364 animo,
679 1304 714 1350 aa
736 1284 922 1353 christianae
945 1283 1102 1368 religinnis
1132 1285 1411 1368 observantissime,

157 1422 273 1490 nosque
287 1404 444 1488 propterea
466 1400 506 1467 ad
521 1401 757 1468 saluberrimum
780 1401 1069 1486 ornatissimumque
1091 1401 1247 1487 hocopus,
1270 1402 1309 1469 ad
1331 1401 1412 1488 quod

158 1539 214 1587 nos
238 1521 328 1586 autea
351 1519 458 1602 sponte
481 1536 572 1602 supra
595 1517 720 1584 modum
742 1517 881 1584 incensos
911 1536 987 1598 esse,
1010 1518 1168 1586 serenitati
1188 1520 1307 1587 vestrae
1330 1521 1411 1586 carto

157 1655 337 1724 persuasum
355 1653 421 1702 esso
440 1635 589 1714 volumus,
612 1634 773 1702 adhortare
789 1654 824 1701 ac
846 1653 908 1702 uon
923 1635 1086 1702 minimam
1109 1636 1142 1702 iu
1156 1637 1245 1703 nobis
1267 1637 1411 1703 fiduciam

157 1773 300 1839 reponere
322 1752 450 1837 dignata
480 1751 580 1833 tuerit,
610 1769 662 1818 eas
685 1752 745 1818 sibi
775 1771 851 1838 quaa
880 1771 1052 1837 possumus,
1082 1753 1200 1838 gratias
1229 1754 1358 1840 publice,
1381 1755 1413 1822 at

158 1869 304 1957 privatim
327 1868 501 1954 elegimus
524 1869 556 1935 et
577 1868 735 1950 hebemus,
758 1888 834 1955 quas
858 1868 919 1935 sibi
942 1870 1046 1936 tamen
1069 1871 1222 1938 uberiores
1245 1871 1412 1938 retribuere

159 1987 303 2073 dignetur
316 1986 379 2066 ille,
394 1986 447 2070 qui
462 2005 566 2052 verum
577 1985 771 2052 estserarum
785 1985 955 2071 gratiarum
969 1986 1099 2070 largitor
1108 1985 1248 2074 Obrietm
1263 1989 1324 2072 opt
1334 2005 1413 2058 mox.

160 2102 226 2170 Nos
248 2121 327 2182 sere,
350 2102 498 2186 quantum
513 2100 546 2166 in
569 2101 657 2167 nobis
672 2101 741 2180 erit,
763 2101 860 2168 nichil
882 2101 947 2168 ulle
970 2101 1163 2187 expertibus
1187 2104 1414 2188 pretermissuri

160 2237 276 2299 sumus,
298 2217 481 2303 quominus
504 2216 646 2302 quicquid
669 2217 785 2284 viribus
808 2217 909 2299 inniti,
932 2218 1058 2286 consilio
1085 2218 1249 2304 providere,
1279 2220 1413 2287 auomrl-

159 2337 224 2401 tate
239 2323 362 2401 monere
383 2333 559 2418 poterimus,
582 2333 726 2428 idxomna
741 2334 775 2400 in
789 2354 950 2402 comunem
972 2334 1157 2402 christianae
1179 2335 1337 2422 religionis
1359 2335 1414 2403 de·

161 2451 337 2530 tensionem,
366 2449 517 2516 alacribus
540 2449 653 2516 animis
675 2450 874 2533 conferamus,
904 2471 994 2536 quem
1017 2451 1056 2517 ad
1079 2451 1204 2519 modum
1226 2454 1258 2519 et
1279 2452 1415 2538 presenti

160 2567 193 2633 iu
216 2566 365 2633 murentu
387 2583 518 2650 quonam
540 2565 573 2631 id
594 2567 682 2651 pacto
697 2566 828 2653 impigro
843 2567 910 2634 fieri
932 2569 1042 2648 valeat,
1065 2567 1173 2634 multis
1196 2587 1230 2635 ao
1247 2569 1340 2635 variis
1358 2569 1413 2636 de-

160 2683 393 2751 liberationibus
408 2681 659 2762 consultarimus3
674 2701 768 2768 quum
783 2702 853 2751 vero
869 2683 948 2750 sacri
962 2684 1094 2751 Romam
1108 2684 1236 2770 Imperii
1250 2685 1415 2752 electorum

160 2801 332 2887 principum
349 2817 384 2866 ao
399 2800 536 2865 statuum
551 2817 611 2866 non
634 2800 805 2867 communis
820 2799 990 2885 frequentia
1013 2820 1105 2886 supra
1128 2800 1241 2885 scripte
1256 2801 1416 2868 couventui

161 2917 342 2997 interfuerit,
366 2916 419 2983 sod
440 2915 530 3001 pauci
551 2915 590 2981 ad
612 2915 737 2981 medum
760 2918 819 2983 buc
842 2916 1067 2998 accesserimus,
1097 2936 1193 3002 neque
1222 2917 1290 2984 ideo
1311 2917 1416 2984 mutae

161 3035 275 3118 tanqua
296 3031 477 3099 immodicas
500 3031 696 3098 sustimndae
718 3033 793 3099 meli
815 3033 950 3117 privatas
979 3034 1101 3101 nostras
1126 3033 1205 3099 vires
1235 3033 1312 3099 eatis
1342 3053 1416 3119 snp-

161 3151 245 3235 plere
272 3149 383 3216 merito
412 3149 610 3229 arbitremur,
639 3147 793 3214 decretum
822 3150 980 3234 propterea
1008 3150 1057 3216 est
1086 3149 1121 3215 ut
1150 3150 1316 3216 conuentus
1345 3148 1416 3215 uui-

162 3266 291 3332 versalis
314 3265 450 3332 omnium
475 3263 655 3332 Germaniae
677 3265 849 3351 principum
879 3285 914 3332 ac
936 3267 1074 3332 statuum
1095 3265 1129 3332 in
1151 3265 1225 3332 urbe
1248 3264 1417 3349 Ratlspona

164 3383 214 3449 die
235 3381 335 3467 prima
351 3381 466 3467 Aprilis
489 3381 624 3467 proxime
641 3381 738 3447 turturi
752 3383 927 3462 celebretur,
944 3384 1034 3468 atque
1057 3382 1101 3448 ibi
1117 3382 1206 3448 unico
1221 3400 1256 3447 ac
1279 3380 1417 3448 concordi

165 3497 324 3566 universae
346 3497 437 3563 huius
460 3498 581 3563 nostrae
604 3497 737 3564 nationis
760 3517 909 3564 consensu
932 3498 1053 3564 matura
1068 3497 1285 3564 deliberatione
1308 3516 1417 3582 oppor-

165 3616 239 3680 tune
261 3612 465 3692 concludatur,
489 3631 621 3698 quanam
637 3613 754 3681 ratione
769 3614 895 3680 Turcico
918 3613 1020 3693 furori
1043 3615 1077 3680 iu
1095 3633 1192 3699 genos
1208 3613 1419 3692 christianum,

165 3729 290 3816 perinde
312 3731 403 3814 atque
425 3731 558 3796 atrocem
590 3730 710 3796 beluam
739 3730 917 3797 immaniter
947 3729 1122 3809 seuientem,
1152 3749 1213 3797 uon
1237 3732 1336 3797 solum
1359 3730 1416 3796 ob-

167 3847 304 3926 sistatur,
326 3864 431 3912 uemm
447 3847 479 3912 et
493 3845 663 3911 coniunctis
679 3845 914 3913 christianorum
931 3845 1046 3913 viribus
1071 3847 1245 3912 communia
1258 3846 1292 3912 in
1306 3845 1420 3912 lurcos

165 3963 250 4046 ipsos
272 3977 358 4027 arma
373 3963 523 4040 moveant,
546 3961 720 4046 bellumque
734 3981 796 4028 uon
812 3961 900 4029 modo
916 3963 1039 4028 illatum
1054 3963 1254 4047 propulsetur,
1279 3961 1331 4028 sed
1346 3961 1418 4029 illo-

166 4098 236 4144 mm
258 4078 291 4143 in
313 4076 493 4163 provinciis,
522 4095 598 4161 quaa
628 4077 825 4146 acerbissime
854 4079 914 4162 ipsi
943 4079 1015 4163 iugo
1044 4078 1152 4145 multis
1182 4077 1245 4143 iam
1274 4076 1364 4143 anuis
1387 4077 1420 4142 iu

167 4195 288 4277 Europa
309 4211 470 4277 oppressas
495 4193 667 4274 tenuerunt,
698 4193 812 4260 summi
834 4195 891 4260 Dei
914 4194 1026 4260 auxilio
1056 4193 1215 4260 accedente
1236 4193 1347 4259 ultima
1369 4193 1419 4258 in-

167 4311 291 4389 feratur,
320 4327 410 4394 quem
441 4309 622 4374 conventum
646 4309 805 4376 serenitati
829 4311 947 4376 vestrae
977 4309 1045 4394 piis'
1067 4309 1225 4376 affectibus
1250 4307 1422 4393 significare

168 4443 276 4510 operes
298 4424 431 4510 pretium
454 4423 605 4504 duximus,
628 4426 764 4492 volentes
780 4425 980 4492 nihilomiuus
1003 4426 1184 4492 conventum
1199 4423 1369 4508 predictum
1385 4422 1422 4489 de

170 4541 343 4608 serenitatis
357 4542 474 4607 vestrae
489 4540 658 4608 christiana
672 4541 887 4624 exhortatione,
902 4543 1060 4610 certiorem
1076 4539 1199 4608 reddere
1208 4559 1298 4627 quem
1314 4558 1421 4624 auper-
