3396 5090
785 355 1028 420 ..190-

280 552 348 633 pter
370 548 517 616 virtutem
531 547 801 632 integritatemque
822 547 920 632 ipsius
943 549 974 614 et
988 547 1110 632 propter
1132 547 1313 614 fidelissima
1329 547 1453 615 servitia
1474 546 1533 615 ola.

280 685 337 732 me.
367 664 578 732 Marimiliano
602 662 724 730 Caesari
753 683 808 730 evo
836 665 888 729 tuo
912 663 963 729 dio
992 664 1132 748 impensa
1154 682 1215 730 non
1245 664 1344 729 solum
1373 682 1531 729 6611111611-

279 781 401 849 datione
417 783 470 848 tua
486 779 698 846 verumetiam
714 779 912 853 beneficentia
927 779 1169 862 liberalitateque
1182 778 1408 864 dignissimum.
1433 777 1532 859 Quem

279 898 373 966 etiam
403 915 458 964 nos
487 896 576 962 valde
604 896 637 961 in
659 895 791 961 Domino
820 894 988 980 diligimus,
1018 895 1147 961 meribrs
1176 896 1259 962 euim
1287 895 1477 981 ingenuitate
1500 895 1533 961 et

280 1013 417 1080 doctrina
439 1014 471 1079 et
492 1012 643 1096 probitate
659 1030 714 1076 sua
735 1011 783 1077 est
805 1007 858 1095 qui
879 1012 918 1077 ab
941 1011 1083 1076 omnibus
1099 1013 1225 1078 ametur.
1273 1009 1333 1077 Sed
1355 1031 1425 1078 oum
1446 1011 1480 1078 in
1495 1030 1531 1078 eo

280 1127 519 1197 commendando
550 1132 644 1194 sora·
666 1128 720 1192 tua
750 1126 891 1194 ostendat
913 1146 947 1193 se
968 1145 1075 1210 oupere
1103 1127 1211 1193 haberi
1232 1147 1251 1193 a
1273 1127 1361 1194 nobis
1390 1128 1456 1193 eius
1478 1145 1531 1192 ra-

279 1245 403 1324 tionem,
426 1246 461 1310 ut
483 1243 562 1330 quod
584 1243 623 1309 ad
638 1241 797 1310 commoda
819 1242 904 1308 illius
928 1243 1008 1308 vitae
1030 1243 1181 1326 pertineat
1203 1243 1240 1309 do
1255 1243 1409 1310 benefieiis
1432 1244 1530 1310 eoele-

281 1360 414 1426 siastieis
430 1360 458 1426 ei
472 1358 692 1444 provideamus,
715 1358 855 1442 oupimus
869 1358 902 1424 id
924 1376 978 1424 nos
995 1375 1111 1442 quoque
1134 1358 1259 1426 61116616.
1306 1357 1366 1426 Sed
1384 1359 1418 1426 in
1434 1359 1532 1425 tantis

281 1475 368 1543 Sedis
392 1475 574 1560 apostolieae
597 1475 757 1560 angustiis,
782 1474 891 1559 gratiis
915 1474 1111 1558 expectativis
1134 1473 1223 1554 datis,
1257 1495 1311 1541 sua
1332 1477 1419 1559 parte
1441 1495 1531 1541 men-

281 1592 362 1658 sium
385 1590 545 1658 ordinariis
568 1589 683 1669 reliota,
705 1589 1002 1673 iuribuspatronatus
1026 1594 1115 1655 ser.tis
1140 1591 1210 1656 tuae
1239 1590 1392 1679 imprimis
1414 1592 1476 1657 late
1499 1610 1531 1657 se

279 1707 538 1793 protendentibus,
562 1707 663 1771 616116
686 1705 773 1771 nobis
796 1706 844 1772 est
858 1705 982 1772 relictus
1004 1704 1088 1770 loous
1104 1705 1220 1790 aliquid
1234 1707 1264 1773 ei
1286 1706 1427 1788 donandi,
1450 1707 1531 1792 quod

279 1825 345 1909 ipse
367 1823 503 1890 obttnere
526 1823 557 1888 et
579 1840 613 1887 eo
636 1821 697 1886 frui
727 1819 851 1906 paoilioe
873 1840 962 1906 posse
992 1820 1138 1900 uideatur,
1168 1822 1230 1888 nisi
1252 1824 1306 1888 tua
1336 1828 1433 1890 sareu
1454 1841 1531 1907 quae

280 1957 384 2006 euram
408 1939 445 2005 de
458 1938 526 2022 ipso
547 1955 653 2022 uapore
667 1936 735 2003 visa
756 1939 804 2003 est
827 1955 883 2002 sua
903 1935 1088 2003 liberalitate
1102 1935 1237 2022 dignam,
1261 1956 1421 2004 assensum
1443 1937 1538 2004 nobis·

280 2054 453 2140 praebuerit
473 2052 509 2120 nt
530 2053 564 2118 in
586 2052 689 2137 regnis
710 2052 781 2132 tuis,
803 2053 837 2119 in
859 2052 969 2137 quibus
991 2052 1046 2118 ille
1066 2052 1263 2137 potissimum
1291 2053 1408 2138 aliquid
1430 2053 1531 2138 possi·

280 2169 404 2237 161661
427 2169 576 2236 subtuae
606 2173 695 2235 ser.tis
720 2168 829 2235 umbra
851 2167 930 2253 quod
960 2167 1111 2252 reliquum
1142 2168 1223 2234 vitae
1245 2168 1294 2234 illi
1323 2169 1461 2235 1611116111
1484 2169 1531 2235 661

280 2286 403 2371 aegrote
424 2304 456 2356 er
478 2284 631 2352 seneotute
652 2284 716 2349 iarn
738 2284 872 2350 oonieoto
894 2302 984 2368 agero
1005 2302 1094 2368 posse
1109 2284 1239 2367 exoptat,
1262 2283 1364 2370 eliqua
1386 2284 1414 2351 ei
1436 2285 1530 2351 bone-

280 2401 350 2469 fioia
372 2402 518 2467 autenm
540 2399 677 2466 16661111
698 2399 897 2478 oonieramus,
926 2400 980 2464 aut
1003 2401 1074 2465 ante
1095 2398 1285 2466 vamtionem
1307 2400 1357 2466 illi
1380 2398 1530 2484 spondea-

279 2537 359 2598 mus,
381 2517 420 2583 ed
434 2535 511 2601 qnae
525 2515 619 2582 etiam
635 2515 663 2581 si
684 2515 772 2580 tuum
787 2515 1014 2599 iuspatronatus
1037 2514 1157 2581 aditum
1179 2514 1311 2600 aliquem
1327 2514 1532 2600 praetenderit

279 2633 313 2700 in
335 2633 468 2718 gratiam
490 2633 594 2698 tamen
616 2632 647 2697 et
669 2630 849 2696 beneficium
872 2630 944 2696 talis
967 2631 998 2697 et
1019 2632 1085 2696 tam
1108 2630 1287 2698 benemeriti
1309 2631 1445 2697 hominis
1466 2631 1529 2696 im-

279 2748 488 2834 pedimentum
511 2766 572 2812 non
588 2746 701 2813 afferat.
747 2742 834 2827 Quod
856 2764 911 2812 nos
934 2745 1071 2811 1161661111
1095 2749 1199 2811 sertem
1215 2748 1301 2813 tuam
1324 2747 1481 2814 hortamur
1497 2747 1532 2812 in

280 2865 411 2930 Domino
426 2865 462 2930 nt
476 2863 600 2942 61116166,
616 2863 760 2947 tuamque
775 2863 897 2947 gratam
920 2863 951 2928 61
965 2861 1123 2928 liberalem
1138 2863 1328 2929 voluntatem
1342 2882 1416 2947 erga
1431 2863 1531 2929 virum

280 2981 442 3066 probatum
471 2978 528 3044 hoo
556 2995 680 3044 munere
709 2996 875 3062 expromas,
905 2978 940 3043 ut
961 2978 1014 3044 ille
1044 2997 1106 3044 non
1134 2977 1237 3044 minus
1266 2978 1410 3044 beneficio
1439 2997 1530 3063 quam

280 3094 541 3165 eommondatione
563 3093 618 3159 tua
639 3091 772 3160 irnotum
794 3093 928 3177 aliquem
951 3094 1088 3160 veterum
1110 3093 1249 3160 laborum
1273 3112 1396 3160 suorum
1418 3093 1453 3159 in
1474 3093 1531 3158 han

281 3211 380 3278 aetate
402 3229 494 3294 prope
517 3211 622 3276 616616
637 3210 777 3292 reportet.
823 3206 910 3288 Quod
932 3209 979 3274 tui
994 3208 1127 3275 nominis
1150 3208 1240 3275 161616
1254 3209 1387 3274 maxime
1402 3208 1531 3294 dignum

281 3325 417 3393 futurum
433 3325 489 3404 est,
511 3326 599 3391 nobis
615 3326 694 3390 oerte
709 3324 930 3408 gratissimum.
968 3325 1085 3390 Datum
1100 3325 1214 3391 Romae
1229 3324 1279 3392 die
1293 3324 1336 3391 iii.
1353 3323 1531 3390 Deoembris

282 3441 399 3508 mdxrv.
445 3441 533 3506 Anno
557 3439 655 3506 tertio.

874 3765 946 3832 147.

646 3955 928 4030 Archleplsoopo
952 3955 1158 4015 senonensi.

371 4136 562 4203 Venerabilis
585 4135 687 4202 frater.
732 4137 775 4200 111
797 4135 910 4201 litteris
926 4139 1098 4203 nostrorum
1122 4155 1157 4202 ao
1171 4135 1325 4220 imprimis
1348 4135 1452 4201 dilooti
1474 4135 1530 4202 filii

282 4251 430 4318 leonardi
453 4249 594 4335 Spinolee
616 4251 822 4318 intelleximus
845 4251 950 4317 frat.em
973 4254 1060 4318 tuam
1081 4252 1205 4336 egregia
1227 4252 1358 4336 quadam
1381 4271 1454 4337 erga
1476 4271 1529 4318 nos

283 4368 438 4434 voluntate
466 4370 498 4433 61
526 4367 718 4434 observantia
746 4368 841 4432 talem
863 4367 896 4433 in
926 4368 1016 4433 rebus
1046 4368 1159 4434 nostris
1188 4367 1379 4452 praestitisse
1409 4386 1527 4453 operam

283 4487 493 4570 praestareque
516 4485 658 4568 quotidie,
688 4486 723 4550 ut
745 4483 784 4549 ad
807 4503 874 4552 eam
897 4483 1069 4568 opinionem
1099 4503 1191 4569 quam
1214 4483 1251 4550 de
1274 4484 1335 4550 tuis
1365 4484 1529 4552 virtutibus
