3364 5102
804 337 1048 410 ..350-

298 535 429 608 siarcum
458 539 582 623 eiusque
606 557 747 624 sequaces
770 540 802 604 et
830 539 963 606 fautores
993 537 1187 625 procedendi,
1217 557 1285 607 eam
1315 535 1393 608 mihi
1419 535 1557 608 libenter·

296 655 451 740 impartiri
481 655 632 741 dignetur,
662 674 755 740 quam
784 657 950 740 opportune
974 675 1093 741 semper
1115 675 1249 724 exercere
1278 657 1408 723 conabor
1431 656 1470 722 11
1492 657 1558 724 Dei

296 769 489 856 Ecclesieque
505 790 558 838 sue
581 772 684 840 sancte
706 772 738 838 st
752 791 780 840 v.
796 791 821 840 s.
835 773 961 853 cultum,
977 771 1233 856 quemadmodum
1251 774 1338 858 cepta
1353 773 1556 857 comprobant

298 888 398 954 eidem
419 907 474 972 per
503 889 654 956 oratorem
676 887 770 954 isthic
799 907 903 956 rusum
931 888 1026 956 latius
1049 888 1234 973 explicanda.
1280 887 1424 974 Superest
1446 890 1554 955 autem

297 1005 333 1069 ut
355 1005 493 1089 optatam
516 1004 734 1072 relaxationem
756 1004 873 1071 domini
887 1005 1018 1072 loannis
1033 1004 1147 1072 Ginodi
1168 1024 1261 1090 quam
1276 1005 1453 1072 novissimis
1472 1005 1556 1070 meis

297 1118 459 1205 depoposci
480 1121 575 1188 libers
597 1121 676 1188 milri
698 1121 858 1189 concedere
880 1122 1023 1208 dignetur
1044 1123 1184 1189 11111.

385 1237 429 1302 Ex
451 1237 606 1304 Thaurino
629 1237 679 1306 die
700 1238 782 1306 xxiii.
805 1236 893 1305 Junii
914 1238 1033 1306 mdxxx.

904 1354 1107 1421 Humillimus
1130 1355 1161 1420 et
1183 1353 1400 1421 devotissimus
1422 1352 1509 1418 iilius

1058 1470 1127 1536 Dux
1150 1467 1328 1537 Sabaudiae.

882 1705 957 1774 265.

669 1825 822 1888 Carolus
843 1828 885 1889 v.
907 1827 1080 1887 Clementi
1102 1827 1176 1888 VII.

737 1935 824 2024 (1111
839 1936 934 2023 prino.
950 1937 1007 2005 IIL
1026 1934 1113 2023 196).

780 2052 846 2140 (21.
862 2053 941 2120 Julii
958 2052 1067 2141 1626).

385 2191 450 2274 Quo
471 2194 576 2260 nostra
598 2213 679 2261 nuno
702 2194 765 2261 sint
795 2195 833 2262 do
854 2215 927 2281 paco
950 2196 1086 2276 tonsilia,
1115 2195 1242 2262 tametsi
1269 2196 1300 2261 et
1322 2213 1424 2261 coram
1447 2194 1555 2260 omnia

285 2293 312 2376 'a
341 2310 429 2377 nobis
458 2309 643 2378 intellexerit
671 2312 853 2380 uenerabilis
882 2313 1048 2380 Balthasar
1071 2309 1286 2378 castillioneus
1309 2331 1336 2377 r.
1360 2330 1383 2377 s.
1413 2309 1552 2389 nuntius,

293 2425 397 2492 sudem
414 2427 519 2493 tamen
533 2427 649 2494 illustri
664 2427 733 2494 duci
749 2425 858 2496 Suessa
880 2428 1065 2514 vicegereuti
1086 2428 1158 2494 istic
1172 2428 1277 2494 nostro
1292 2447 1315 2492 s.
1332 2447 1359 2493 1.
1375 2424 1553 2510 exponenda

293 2542 465 2624 scribimus,
488 2544 537 2611 cui
551 2543 644 2612 fidem
668 2545 701 2610 iu
716 2545 806 2611 rebus
822 2545 964 2612 omnibus
986 2546 1098 2614 habere
1113 2543 1299 2629 dignabitur.
1330 2543 1550 2627 Rogamusque

294 3007 406 3092 anglis
430 3026 465 3074 ac
487 3009 595 3075 ceteris
611 3008 697 3075 adid
719 3009 860 3089 evocatis,
883 3009 929 3085 ita
950 3009 1036 3076 nulla
1052 3009 1136 3076 nullo
1158 3009 1224 3076 loco
1239 3008 1271 3074 et
1289 3005 1470 3073 auctoritate
1493 3023 1550 3071 sua

165 3145 166 3148 ¹
294 3123 326 3189 et
347 3123 474 3191 consilio
497 3124 585 3205 desit,
608 3124 644 3190 ut
665 3125 782 3209 pacatis
805 3125 982 3192 christianis
1004 3127 1095 3192 rebus
1117 3125 1150 3191 id
1165 3125 1278 3191 demun
1300 3121 1427 3207 aggredi
1445 3121 1547 3205 possi-

294 3259 364 3304 mus
387 3239 467 3324 quod
497 3241 638 3308 universo
667 3239 834 3308 christiano
864 3241 982 3308 nomini
1004 3243 1036 3308 et
1065 3242 1198 3307 salutare
1219 3242 1251 3306 et
1278 3237 1481 3306 honorificum
1504 3237 1548 3302 sit

294 3406 302 3421 .
326 3407 333 3422 .
357 3407 363 3422 .
387 3356 458 3423 Dat.
474 3355 507 3422 iu
523 3357 578 3423 civ.
594 3357 700 3423 nostra
714 3354 814 3424 'foleti
829 3357 878 3425 die
892 3358 950 3424 xxi
965 3356 1082 3424 mensis
1097 3357 1176 3424 Julii
1191 3375 1269 3422 anuo
1284 3353 1412 3421 Domini
1425 3352 1547 3419 mdxxx.

294 3471 470 3557 Regnorum
492 3475 666 3540 nostrorum
688 3473 821 3540 Romani
844 3473 973 3559 septimo
996 3475 1028 3539 et
1049 3473 1179 3540 aliorum
1202 3471 1327 3538 decimo.

383 3586 508 3655 Carolus
530 3590 586 3656 etc.

884 3770 960 3840 266.

666 3890 818 3954 Carolus
840 3892 882 3954 v.
903 3891 1078 3953 Clementi
1099 3890 1173 3952 vn.

736 4001 823 4090 (ssu.
837 4002 932 4088 princ.
947 4002 1004 4070 IIL
1021 3999 1110 4089 222).

773 4119 839 4207 (11.
858 4119 937 4206 Aug.
955 4117 1065 4207 1625).

383 4257 420 4330 ln
435 4259 577 4330 molestia
599 4281 692 4348 quam
706 4281 882 4348 ceperamus
904 4282 940 4330 ex
954 4262 1068 4330 litteris
1092 4282 1115 4328 s.
1131 4281 1158 4327 r.
1174 4259 1256 4328 detis
1270 4277 1317 4327 xv.
1332 4255 1420 4327 Junii
1435 4259 1547 4345 quibus

293 4379 433 4448 nonnihil
455 4379 645 4464 expostulare
659 4379 818 4446 ridebatur
840 4379 921 4465 quod
942 4399 1003 4448 non
1025 4378 1129 4447 omnia
1149 4379 1217 4444 rata
1238 4376 1455 4443 habuissemus
1469 4394 1547 4460 quae

293 4513 346 4578 per
368 4497 501 4562 oratores
517 4497 637 4562 nostros
660 4495 693 4562 iu
708 4495 826 4563 1111111
849 4499 952 4566 nostro
967 4497 1089 4565 nomine
1111 4515 1182 4562 cum
1198 4493 1361 4560 sanctitate
1384 4513 1410 4558 r.
1427 4491 1546 4560 sancitu

293 2677 316 2724 s.
332 2679 360 2726 r.
384 2660 419 2724 ut
434 2679 528 2744 quum
549 2660 735 2732 intellexerit
750 2664 863 2746 quanto
887 2661 988 2729 studio
1004 2661 1208 2728 universalem
1230 2677 1337 2744 pacem
1350 2675 1551 2747 procuremus
1663 2691 1664 2720 1

171 2772 174 2780 '
294 2775 1163 2860 1111111111111111111111111111111111111111111111111111111
1182 2776 1215 2842 in
1229 2774 1400 2842 renouando
1415 2773 1550 2839 maxime

167 2897 171 2906 '
295 2910 364 2956 cum
388 2891 515 2958 Venetis
536 2891 637 2959 federe
665 2893 698 2958 in
719 2893 913 2978 generalique
942 2894 1091 2960 conventu
1112 2892 1164 2958 hic
1185 2891 1324 2958 habendo
1353 2909 1423 2956 cum
1447 2885 1550 2955 611111
