3380 5088
661 343 903 409 -311-

158 541 301 610 hactenus
329 543 502 610 constanter
531 546 562 609 et
584 543 701 627 prestat
728 543 759 608 et
782 542 889 608 servat.
935 541 1036 608 Facile
1064 542 1168 608 tamen
1197 539 1322 624 conjicio
1346 557 1405 605 non

159 657 287 726 detusse
310 659 483 737 malevolos,
506 659 614 724 omitto
637 657 722 742 vulgi
745 657 926 743 opinionem,
954 657 1007 742 qui
1030 656 1202 724 studuerint
1230 657 1262 722 et
1283 656 1404 721 labora·

158 774 255 841 verint
276 775 415 841 animum
438 774 584 859 principis
600 795 626 840 v.
643 795 666 840 s.
683 793 774 859 supra
796 793 888 858 quam
911 773 972 840 dici
994 775 1095 860 potest
1117 773 1224 858 suapte
1246 769 1404 838 deditissi-

159 910 241 957 mum
264 891 404 970 alienare,
428 891 481 957 sed
498 909 566 958 mec
582 891 704 976 quidem
720 889 852 957 adventu
873 891 909 956 ut
923 890 1009 956 video
1032 889 1227 957 formidinem
1249 886 1341 953 huius
1364 886 1407 951 rei

160 1006 297 1090 siquam
328 1007 503 1091 conceperat
525 1006 627 1072 animo
656 1007 739 1073 eruit
761 1007 793 1073 et
819 1005 1015 1072 confirmatus
1038 1005 1150 1071 manet.
1195 1003 1347 1070 luserunt
1369 1001 1408 1066 ad

159 1122 213 1189 hoc
234 1142 294 1189 non
318 1143 425 1207 parum
449 1121 477 1189 d.
493 1122 699 1202 Tridentinus,
721 1122 749 1188 d.
772 1140 873 1188 comos
897 1119 1107 1200 Salamanoha
1130 1120 1157 1186 d.
1173 1120 1284 1186 Petrus
1299 1139 1317 1183 a
1333 1117 1406 1183 Cor-

160 1239 237 1305 duba
253 1239 306 1323 qui
321 1258 426 1305 omnes
442 1237 628 1305 deditissimi
643 1240 715 1304 sunt
729 1257 756 1304 v.
773 1259 796 1304 s.
813 1238 973 1322 credatque
988 1237 1066 1303 mihi
1082 1256 1108 1302 v.
1120 1255 1143 1302 s.
1159 1235 1238 1302 nibil
1254 1231 1408 1300 amantius

160 1355 295 1440 mbilque
318 1354 484 1422 studiosius
507 1374 534 1422 v.
551 1375 574 1420 s.
597 1355 655 1421 hoc
677 1373 737 1421 uno
760 1353 895 1438 principe
918 1373 992 1420 esse.
1031 1350 1181 1419 Dominus
1204 1350 1242 1417 de
1257 1349 1409 1416 Borbonio

159 1471 241 1538 venit
254 1490 281 1537 1.
297 1469 388 1537 huius
404 1490 474 1536 cum
489 1471 588 1536 tribus
611 1469 766 1537 nobilibus
781 1488 834 1554 psr
848 1471 969 1554 postam
993 1468 1033 1534 ad
1047 1486 1102 1534 sua
1126 1487 1148 1532 s.
1169 1467 1222 1551 qui
1236 1465 1409 1532 lautissime

160 1588 188 1654 et
211 1586 427 1654 iocundissima
449 1588 589 1671 exceptus
612 1588 660 1651 est
683 1604 772 1652 aser.
798 1605 868 1663 sua3
891 1584 1026 1652 nondum
1049 1583 1132 1650 enim
1156 1583 1235 1649 recte
1251 1581 1335 1666 potui
1358 1580 1408 1647 in·

159 1703 297 1790 telligere
319 1721 443 1800 causam
467 1703 515 1768 sui
537 1702 700 1778 adventus3
724 1721 794 1768 oum
816 1701 951 1786 primum
973 1700 1122 1767 nescivero
1147 1699 1325 1784 significabo
1342 1717 1368 1764 v.
1381 1718 1408 1782 s.

157 1820 212 1885 aut
226 1819 292 1904 ipse
307 1818 441 1885 deferam
457 1819 483 1884 si
499 1818 635 1885 celeriter·
650 1816 767 1884 venerit
789 1817 880 1883 homo
895 1817 949 1883 ille
972 1835 1061 1900 quem
1083 1833 1138 1881 sua
1161 1814 1308 1880 celsitudo
1323 1811 1412 1878 misit

158 1934 197 2001 ed
219 1935 396 2019 viceregem.
434 1933 548 2000 Habito
570 1934 673 2017 itaque
696 1951 839 2017 responso
854 1933 919 1998 eius
935 1931 1099 2010 discedam,
1122 1929 1183 1997 nisi
1206 1929 1289 1995 aliud
1304 1947 1409 1998 occur-

158 2051 233 2117 rerit
233 2101 364 2117 .....
389 2050 505 2115 Datum
531 2049 565 2116 in
587 2048 696 2132 oppido
719 2049 904 2133 inceptum,
927 2048 978 2114 die
999 2047 1061 2114 xiii.
1085 2045 1201 2113 mensis
1224 2043 1409 2110 Decembris.

161 2167 247 2232 Anno
272 2165 395 2231 Domini
419 2165 548 2230 mdrxiv.
1076 2163 1109 2228 P.
1134 2161 1322 2226 Salamanca.

751 2425 824 2491 234.
945 2383 949 2392 ’

411 2590 584 2649 Consules
608 2589 879 2663 carpenetorati
903 2587 1074 2647 Clementi
1097 2586 1170 2647 v11.

611 2698 697 2784 (Litt.
714 2698 807 2782 princ.
824 2698 864 2775 ll.
881 2696 969 2782 389).

645 2814 711 2900 (16.
726 2813 798 2879 Dec.
818 2811 926 2898 1524).

250 2975 353 3042 Allato
376 2977 448 3042 sunt
470 2974 509 3041 ad
531 2992 587 3040 nos
609 2974 712 3040 littere
734 2973 798 3040 sive
819 2972 904 3039 bullo
926 2971 1133 3057 aprobationis
1155 2973 1186 3038 et
1207 2969 1413 3037 innovationis

162 3092 391 3178 privilegiomm
414 3091 525 3176 quibus
548 3111 575 3156 v.
593 3109 616 3156 s.
639 3109 695 3157 nos
718 3107 864 3174 pauperes
888 3107 959 3155 suos
983 3089 1014 3154 et
1033 3089 1170 3155 Romane
1193 3087 1273 3154 omis
1296 3087 1410 3171 peculi-

161 3229 227 3276 ares
257 3207 394 3275 subditos
423 3205 660 3274 misericorditer
690 3203 880 3287 condonavit
910 3206 942 3270 et
970 3223 1041 3269 cum
1069 3202 1114 3269 eis
1144 3221 1205 3269 una
1227 3203 1289 3268 alia
1310 3202 1412 3269 littere

162 3323 378 3392 moderationis
393 3321 521 3389 Judaice
540 3321 715 3389 voracitatis
730 3322 761 3388 et
776 3322 866 3387 breve
880 3319 1043 3387 moratorie
1058 3319 1215 3385 dilationis
1230 3318 1413 3403 pauperibus

162 3439 345 3508 christicolis
375 3437 563 3504 debitoribus
594 3436 731 3522 ipsomm
752 3435 920 3503 Judaorum
948 3435 1116 3501 liberaliter
1145 3453 1293 3502 concesse.
1348 3432 1413 3516 Qus

163 3553 285 3640 quidem
308 3556 340 3620 et
362 3553 390 3620 si
409 3552 587 3620 instabilem
609 3553 698 3619 nobis
720 3551 862 3618 omnibus
884 3551 1097 3618 iubilationem
1119 3551 1273 3630 etulerint
1296 3570 1411 3635 paupe-

164 3671 248 3737 ribus
270 3671 375 3736 tamen
390 3668 466 3753 ipsis
489 3687 616 3754 quorum
633 3667 814 3753 sanguinem
837 3686 952 3752 angues
974 3667 1023 3734 illi
1037 3665 1174 3751 pestiferi
1193 3667 1331 3733 funditus
1354 3668 1411 3733 ab·

165 3786 326 3852 sorbebant
348 3783 619 3852 exuberanciorem.
665 3781 744 3849 Sunt
766 3783 848 3848 enim
870 3783 926 3850 heo
953 3781 1103 3849 eiusmodi
1125 3802 1182 3866 quc
1205 3801 1266 3848 non
1288 3783 1414 3849 obscure

164 3901 298 3985 arguunt
318 3899 488 3985 ingenitam
511 3899 681 3966 bonitatem
704 3899 946 3983 immensamque
969 3897 1186 3965 liberalitatem
1211 3917 1234 3964 e.
1257 3919 1284 3964 v.
1308 3917 1331 3964 s.
1355 3919 1413 3984 que

163 4014 419 4101 quemadmodum
442 4013 583 4080 Christus
611 4015 746 4099 optimus
768 4033 853 4080 mera
875 4013 1060 4081 liberalitate
1082 4014 1121 4079 ab
1144 4012 1263 4098 antiqui
1285 4013 1413 4080 humani

164 4131 285 4218 generis
307 4129 406 4197 hostis
435 4129 586 4210 manibus,
616 4131 660 4196 sic
688 4129 774 4196 illius
802 4129 974 4197 imitatione
1002 4149 1058 4196 nos
1081 4148 1100 4195 a
1122 4129 1252 4195 timeatis
1280 4131 1414 4212 protervi

164 4247 275 4333 anguis
297 4246 435 4312 faucibus
458 4246 570 4331 eripuit
592 4247 751 4335 salvosque
774 4265 840 4311 esse
862 4245 966 4312 voluit.
1004 4242 1069 4325 Qus
1091 4264 1161 4310 cum
1182 4244 1276 4310 nullis
1299 4245 1413 4312 nostris

164 4383 220 4432 nec
241 4361 385 4428 humanis
401 4361 559 4446 quibusvis
582 4362 652 4428 aliis
676 4362 780 4445 equari
794 4361 914 4446 possint
935 4361 1114 4439 actionibus,
1137 4379 1192 4426 nos
1206 4361 1310 4426 tamen
1333 4363 1412 4444 quod

164 4479 263 4548 eidem
280 4479 412 4544 solemus
432 4477 572 4562 piissimo
594 4476 778 4561 redemptori
792 4475 1004 4542 devotissimas
1027 4475 1206 4558 easdemque
1221 4475 1413 4542 humillimas
