3380 5088
678 353 920 420 -eol-

168 547 341 632 provincius
355 547 587 632 praedicturum,
610 548 780 616 iuramento
803 547 1031 616 emmonem
1047 548 1221 633 apostolice,
1244 551 1293 616 vel
1314 547 1423 634 queue

169 665 317 731 firmilcie
337 664 400 756 ulie
422 664 571 730 roboretis
595 663 729 742 statutis,
752 665 784 731 el
797 663 1085 742 consuetudinibus3
1107 683 1163 732 nec
1185 683 1246 731 non
1264 664 1423 756 quibusvis

169 779 240 846 eliis
255 779 501 846 concessionibus
524 779 561 846 lle
583 779 666 846 (lictu
681 779 862 846 cancellarie
885 779 1119 865 quomodolibet,
1142 781 1174 846 el
1196 801 1231 848 ex
1245 800 1422 866 quecunque

170 914 262 962 censs
276 895 310 961 in
324 897 504 980 perperaum
519 897 568 962 vel
582 893 622 962 ecl
637 898 758 981 tempus
773 915 827 980 per
841 895 1013 980 praefatum
1027 897 1168 976 leonem,
1184 896 1233 963 vel
1247 895 1422 981 perldrin-

169 1031 244 1078 num
259 1011 376 1096 Papum
391 1010 444 1078 VI.
461 1011 704 1096 praedecessores
719 1014 840 1079 nostros
855 1012 952 1079 cuivis
967 1013 1056 1080 alleri
1074 1013 1173 1092 iscus,
1195 1013 1284 1097 qussi
1298 1013 1423 1079 illerum

169 1129 288 1195 minores
304 1128 381 1196 eolis
396 1128 433 1195 de
448 1128 540 1194 verbo
554 1128 594 1194 erl
608 1130 736 1196 verbum
749 1131 961 1213 praesentibus
976 1127 1189 1207 insererentur,
1203 1147 1258 1214 pro
1273 1127 1423 1214 expressis

170 1245 317 1311 hebenus
332 1261 517 1323 revocemus,
537 1263 694 1312 cessemus
709 1247 741 1312 ol
755 1246 961 1325 annullnmus,
976 1244 1163 1330 coelerisque
1177 1243 1338 1312 wluerus
1352 1243 1423 1328 qni·

171 1361 353 1444 buscunque.
376 1360 527 1428 Volumus
542 1362 645 1428 sulem
659 1359 739 1445 quoi
754 1363 919 1445 antequem
941 1360 1117 1428 huiusmodi
1132 1361 1267 1428 officium
1290 1379 1423 1428 moresne

169 1475 299 1561 incipies
321 1475 358 1542 de
380 1494 416 1543 eo
438 1475 569 1544 fideliler
590 1476 753 1544 exercendo
777 1477 903 1544 solitum
925 1477 1132 1545 iuramentum
1154 1476 1187 1543 in
1209 1476 1353 1543 menibus
1375 1477 1421 1542 le-

170 1591 237 1676 geti
258 1591 406 1675 praedicti
428 1593 477 1659 sel
498 1593 564 1659 eius
587 1593 820 1660 locumtenenlie
842 1594 997 1678 preeslsre
1019 1592 1160 1662 eneam.

258 1707 329 1774 Del.
352 1709 407 1774 cic.
431 1707 508 1774 nri
531 1707 709 1776 Decembris
731 1707 867 1776 mlxxiii,
912 1708 1001 1776 Anno
1023 1708 1130 1793 primo.

762 1926 836 1992 200.

415 2063 626 2126 srancncus
648 2066 728 2125 Rex
749 2065 887 2126 Gallias
909 2063 1081 2126 Clementi
1104 2064 1178 2125 vn.

640 2172 961 2260 (neoptolemo).

669 2289 712 2376 (2.
727 2289 798 2356 Jun
818 2287 927 2376 1524).

262 2403 438 2472 Tressoincl
466 2404 550 2472 Pero.
602 2403 689 2472 Nous
718 2423 813 2473 ovone
841 2404 972 2473 entendu
1002 2423 1058 2491 per
1086 2405 1250 2474 ennemise
1272 2406 1310 2474 ‹le
1338 2409 1424 2474 noim

171 2539 241 2588 eme
262 2521 295 2588 et
316 2519 377 2586 leel
406 2520 513 2588 cousin
532 2522 563 2588 le
585 2519 713 2606 Comple
735 2520 773 2588 (lo
795 2519 894 2608 Osrpy
916 2522 948 2587 le
970 2521 1140 2590 resolucion
1162 2541 1217 2607 per
1239 2523 1327 2590 offeci
1348 2542 1421 2608 pro·

172 2635 249 2704 mise
271 2637 423 2704 concinite
443 2639 475 2704 el
497 2638 629 2706 nussim
651 2656 707 2722 por
728 2638 814 2704 soom
837 2636 893 2704 See
912 2657 965 2704 sur
987 2638 1017 2704 le
1043 2637 1102 2704 isit
1123 2637 1161 2704 (le
1182 2639 1214 2706 ln
1236 2638 1424 2707 decimacion

171 2771 227 2835 per
248 2769 325 2819 nous
347 2753 417 2820 lent
438 2751 561 2820 (lesiree
606 2750 668 2834 Qui
688 2771 766 2820 nous
796 2755 850 2820 oni
871 2755 936 2821 esle
958 2753 1096 2820 nouvelle
1120 2753 1147 2819 si
1174 2753 1424 2838 irespleisnncies
1549 2811 1553 2816 .

171 2869 202 2934 el
223 2867 382 2952 egreebles
404 2867 470 2952 quil
491 2886 530 2934 ne
552 2868 802 2954 senoil-possible
824 2868 862 2936 de
884 2870 955 2953 plns
979 2888 1056 2954 ponr
1077 2869 1109 2936 le
1132 2869 1232 2936 bonne
1254 2871 1287 2934 el
1307 2869 1423 2955 munde

170 3001 331 3067 espemnee
353 3003 411 3069 que
426 2999 503 3052 nous
517 3001 611 3052 usone
626 3003 684 3069 que
707 2984 736 3050 d'
743 2983 831 3051 icelle
853 2984 1042 3052 declnrscion
1055 2984 1206 3071 periurire
1227 3003 1292 3072 ung
1314 3003 1425 3071 moyen

170 3099 214 3166 iel
236 3117 294 3184 quo
316 3101 401 3166 rotro
423 3097 479 3166 sse
498 3099 605 3184 depuis
636 3119 692 3168 son
714 3101 906 3186 sssnmpln'on
929 3119 948 3166 e
969 3101 1002 3168 ln
1023 3100 1143 3187 dignito
1171 3101 1292 3185 populls
1313 3119 1332 3168 e
1354 3102 1423 3169 tous

171 3233 247 3284 nous
269 3233 290 3280 e
311 3215 447 3282 monstro
468 3215 539 3300 plns
562 3218 687 3302 oppetes
709 3217 741 3284 ol
762 3215 885 3284 leniret.
930 3215 1125 3286 Romerciunt
1146 3219 1216 3286 unt
1237 3219 1269 3284 et
1291 3215 1320 3284 si
1341 3214 1421 3284 uos·

170 3329 437 3402 eliecluensemeni
459 3349 516 3415 qne
539 3329 615 3398 inire
630 3349 745 3416 penons
767 3332 855 3398 icelle
877 3347 931 3398 sse
944 3329 1000 3398 sn
1018 3333 1150 3417 moselle
1172 3351 1249 3400 ncne
1265 3331 1424 3418 supplicue

169 3447 201 3512 el
222 3463 384 3531 requerone
407 3447 524 3514 vouloir
545 3465 648 3532 croyre
671 3450 795 3514 unone
818 3448 924 3516 cousin
945 3447 984 3514 de
998 3447 1098 3535 Gnrpy
1113 3448 1314 3518 entioremsnt
1335 3448 1373 3516 de
1390 3467 1424 3514 ce

170 3561 251 3644 qu’il
271 3561 317 3628 lui
339 3581 482 3647 exposere
504 3562 542 3630 (le
571 3563 658 3632 noire
680 3564 750 3647 perl
770 3565 838 3631 toul
860 3563 941 3630 einsi
964 3565 1063 3650 quelle
1086 3564 1225 3632 voudroil
1247 3565 1324 3632 faire
1346 3583 1423 3633 nous

170 3693 309 3744 memes.
355 3677 403 3746 lln
425 3697 505 3764 quoy
527 3678 643 3746 lenem
664 3679 723 3746 elle
745 3697 823 3746 nous
845 3678 909 3746 fere
933 3681 1090 3764 tresgrsnt
1111 3680 1227 3765 ploisir.
1272 3681 1314 3748 loc
1336 3683 1424 3750 eunt

168 3793 315 3860 inesseinl
343 3813 413 3878 pere
436 3811 514 3863 noue
541 3794 644 3878 prions
668 3795 697 3861 le
720 3793 840 3864 bonoisi
869 3795 920 3862 fils
941 3793 981 3862 (le
1002 3795 1082 3862 Dion
1111 3795 1175 3880 quil
1197 3796 1309 3864 rneille
1336 3796 1424 3866 icelle

169 3907 502 3994 pressuspressus
516 3910 682 3978 mutem
696 3927 852 3995 proserver
866 3913 898 3976 el
911 3910 1022 3996 gnrder
1036 3929 1077 3978 en
1092 3912 1153 3979 bon
1168 3912 1285 3997 regine
1299 3913 1331 3979 el
1344 3923 1423 3997 ‘gou-

168 4027 345 4092 vernemeni
366 4024 404 4090 de
425 4028 513 4092 noire
534 4045 616 4094 mere
640 4027 745 4092 mucce
766 4026 871 4110 eglise.
916 4026 1038 4110 Escripl
1061 4026 1099 4093 ds
1121 4027 1267 4112 l’ebbeye
1288 4027 1326 4094 oe
1341 4027 1424 4094 seint

168 4138 299 4208 Infrsnc
320 4157 390 4222 pres
413 4140 515 4226 Psuys
536 4141 566 4208 le
588 4140 695 4208 curm
714 4141 785 4226 J'our
806 4141 844 4208 (le
865 4141 993 4209 anvier
1014 4141 1145 4208 mlxxiv.

279 4252 464 4322 llos-derol
477 4255 529 4322 iils
542 4254 573 4323 le
587 4275 641 4342 roy
656 4257 694 4324 oe
709 4257 823 4324 Franco
838 4257 897 4324 doc
911 4257 949 4326 de
963 4255 1078 4324 Millsn
1093 4257 1286 4344 seigneurie
1302 4255 1424 4324 Gonnos

770 4373 930 4458 urmeoys.

1146 4492 1189 4560 Ie
1211 4491 1334 4564 Brenn
