3380 5088
686 355 928 420 ..309-

768 578 842 643 233.

467 742 594 802 Petrus
618 743 858 805 Salamanclna
881 744 1053 804 Clementi
1076 747 1149 804 vn.

627 852 713 938 (nun
729 853 824 937 princ.
840 855 879 921 Π.
896 855 985 941 384).

669 967 734 1054 (13.
750 969 820 1036 Dec.
840 968 950 1056 1524).

267 1129 324 1195 Die
339 1128 542 1213 conceptionis
557 1129 663 1196 beatae
679 1129 817 1215 Virginis
838 1131 914 1197 bora
935 1131 994 1209 xiv,
1010 1132 1073 1199 Deo
1089 1131 1180 1198 dante
1196 1131 1268 1198 veni
1287 1131 1325 1197 ad
1341 1131 1429 1216 oppi-

177 1245 252 1310 dum
281 1246 471 1331 Innsprussgt
495 1244 599 1310 curavi
620 1265 636 1310 6
660 1244 791 1330 vestigio
812 1246 897 1313 adire
927 1247 1155 1314 serenissimum
1185 1247 1354 1331 principem
1384 1247 1433 1314 cui

177 1361 296 1445 porrexi
318 1359 439 1428 litteras
461 1361 581 1427 6661166
604 1361 786 1442 sanctitatis,
817 1362 940 1448 illisque
962 1363 1051 1428 lectis
1081 1362 1235 1428 declaravi
1258 1382 1312 1429 sue
1340 1362 1431 1428 celsi-

179 1474 280 1542 tudini
295 1475 442 1556 animum‚
465 1495 600 1542 amorem
615 1477 917 1562 benevolentiamque
940 1477 1221 1562 singularissimam
1236 1480 1336 1545 vestre
1357 1480 1432 1544 bea-

179 1591 322 1658 titudiuis
344 1610 418 1676 erga
439 1610 487 1659 res
511 1611 666 1658 caesareae
689 1593 779 1677 atque
799 1592 995 1681 ¹celsitudinis
1019 1612 1072 1658 sue
1094 1594 1184 1676 prout
1206 1594 1307 1660 officia
1329 1614 1431 1661 eorum

179 1708 213 1775 16
235 1710 263 1775 b.
287 1728 313 1775 6.
338 1707 540 1793 obsequiaque
569 1709 608 1773 ab
638 1707 702 1774 illis
731 1709 861 1793 prestita
889 1708 961 1775 huic
990 1707 1100 1776 Sancte
1130 1707 1202 1776 Sodi
1232 1709 1432 1790 demerentur,

179 1824 295 1911 fecique
318 1843 388 1891 eum
411 1823 570 1891 certiorem
592 1824 673 1908 quod
704 1825 830 1891 tametsi
852 1825 938 1892 nulla
967 1844 1102 1910 unquam
1124 1825 1157 1891 16
1187 1827 1383 1893 sanctitatem
1405 1846 1432 1893 v.

181 1940 341 2008 aCaesare
364 1959 422 2025 quo
444 1941 549 2007 temen
571 1942 721 2008 66666161
735 1940 870 2007 maxima
893 1942 924 2008 61
948 1960 1068 2007 summa
1090 1940 1201 2008 merite
1223 1943 1313 2027 atque
1336 1943 1434 2008 offitia

181 2057 399 2144 precessissent
427 2055 496 2140 1666
524 2057 722 2123 1661066666
752 2056 965 2124 celsitudinem
993 2075 1095 2124 amore
1123 2059 1372 2143 complecteretur
1394 2060 1433 2125 ob

181 2174 246 2242 eius
269 2173 415 2240 mirificas
443 2172 572 2254 61616166
595 2171 684 2238 6111
709 2174 809 2240 solum
832 2174 984 2241 sufficeret
1008 2192 1127 2240 summo
1156 2173 1256 2240 studio
1279 2175 1310 2242 61
1332 2175 1433 2242 favore

181 2291 219 2358 ad
234 2307 283 2357 res
298 2307 453 2356 caesareae
469 2288 705 2373 amplectendas,
728 2289 843 2356 omissa
866 2291 962 2358 animi
977 2289 1190 2374 magnitudine
1213 2293 1244 2359 et
1262 2290 1434 2358 constantia

181 2425 238 2491 qne
260 2405 294 2472 in
316 2425 342 2471 v.
358 2403 547 2470 beatitudine
568 2404 706 2471 omnium
729 2423 878 2472 00666666
899 2405 1036 2491 adprime
1060 2407 1206 2493 splendet.
1230 2385 1432 2474 111066161-

181 2521 279 2588 disset
294 2541 321 2586 r.
339 2540 362 2586 e.
378 2520 509 2586 erarium
525 2519 650 2587 66616616
665 2521 847 2587 exhaustum
863 2521 1062 2608 ingentesque
1077 2523 1148 2590 11106
1163 2523 1289 2608 pecunie
1311 2541 1433 2588 acervos

180 2655 255 2722 quos
271 2634 382 2703 Caesar
403 2635 477 2720 1666,
499 2635 667 2703 1106661161
683 2636 834 2720 ceterique
849 2637 939 2705 116116
955 2640 1131 2722 potentatus
1149 2658 1203 2724 pro
1219 2637 1337 2705 Gallico
1352 2639 1433 2704 bello

180 2751 310 2838 gerendo
327 2750 559 2836 suppeditemnt
582 2754 787 2836 consumptos,
810 2754 842 2820 et
864 2753 986 2820 6061666
1002 2755 1177 2839 potentatus
1200 2774 1254 2839 pro
1270 2755 1336 2838 ipso
1358 2773 1431 2820 con·

179 2867 326 2934 tinuaudo
348 2867 429 2933 bello
451 2866 632 2951 iampridem
648 2870 814 2947 enervatos,
837 2887 898 2935 606
919 2867 1009 2936 modo
1025 2889 1138 2955 magna
1160 2890 1230 2936 cum
1252 2870 1433 2936 difficultate

178 2982 252 3068 qnid
280 2982 409 3049 ulterius
439 3002 506 3048 esse
534 2983 711 3067 erogaturos
743 2982 967 3068 6616166616
997 2984 1268 3051 subministrandis
1295 2984 1431 3069 pecuniis

178 3097 557 3178 660666661161616016106,
580 3097 661 3183 quod
683 3100 750 3165 turn
773 3118 897 3184 syncero
913 3101 1016 3166 animo
1039 3103 1070 3168 61
1093 3119 1213 3168 summo
1236 3101 1338 3168 studio
1359 3120 1430 3186 pro-

178 3214 329 3280 curaverit
343 3213 532 3280 sarciendam
547 3232 651 3298 pacem
668 3233 792 3298 remque
806 3215 1048 3300 componendam
1064 3217 1223 3297 censuerit,
1242 3236 1303 3284 non
1317 3219 1431 3302 absque

179 3328 403 3397 conditionibus
431 3329 466 3396 16
488 3327 627 3395 Caesaris
657 3329 793 3396 fauorem
821 3349 914 3414 quam
943 3330 1162 3399 honestissimo
1192 3331 1342 3418 susceptis
1371 3332 1433 3399 6161

179 3445 337 3531 agentium
360 3465 400 3511 m.
425 3463 478 3511 666
500 3444 614 3528 partim
636 3442 809 3524 insolentia,
839 3445 954 3530 partire.
975 3443 1183 3531 impmdentic
1212 3447 1328 3514 iactum
1350 3452 1432 3516 66661

179 3561 214 3627 61
236 3579 275 3627 60
297 3560 447 3627 sententie
469 3579 497 3626 v.
513 3579 536 3626 6.
560 3560 785 3645 acquiescerent
807 3561 839 3628 et
860 3566 950 3628 rebus
967 3560 1105 3630 Caesaris
1127 3565 1209 3630 66616
1231 3565 1432 3645 consulentes,

181 3675 214 3741 in
243 3674 328 3742 varia
357 3678 595 3761 prorumperent,
625 3678 657 3744 et
679 3673 786 3744 Getica
816 3677 921 3761 ruptos
945 3677 976 3744 61
1005 3678 1119 3746 otiosos
1148 3680 1243 3747 veluti
1271 3680 1432 3748 crabrones

180 3790 364 3858 dormientes
385 3791 543 3858 1661166661
564 3791 750 3877 usqueadeo
772 3792 852 3877 quod
874 3811 926 3860 606
948 3793 987 3858 61
1009 3794 1134 3861 Italiam
1156 3795 1253 3863 redire
1275 3797 1431 3882 compule-

179 3907 251 3987 rint
273 3925 309 3974 eo
331 3907 503 3992 tempomm
525 3907 688 3992 iniquitate
710 3926 771 3992 qua
792 3926 854 3974 606
877 3908 943 3975 6166
958 3909 1095 3977 maxima
1117 3911 1430 3996 perturbationem.

179 4023 314 4089 carnemt
342 4021 491 4088 ditionem
523 4023 689 4106 6606101106
713 4022 800 4089 Sedis
829 4042 864 4090 60
886 4023 1074 4091 Florentium
1104 4024 1267 4111 direptioni
1294 4025 1431 4092 hostium

179 4137 295 4223 exponi,
318 4137 346 4203 61
369 4156 435 4204 sese
458 4137 625 4206 declararet
646 4142 752 4206 contra
774 4139 888 4206 Gallos.
919 4139 1003 4206 Nam
1025 4161 1094 4208 cum
1117 4142 1252 4226 pecunia,
1278 4162 1336 4227 que
1358 4162 1430 4209 ner·

178 4273 235 4321 vus
257 4253 289 4319 61
304 4251 476 4320 subsidium
490 4253 564 4320 belli
579 4256 635 4335 661
651 4255 773 4340 6661166
796 4274 888 4340 66066
904 4255 1051 4338 deiiceret
1073 4256 1253 4344 infinitoque
1267 4277 1317 4326 ere
1331 4258 1430 4325 611660

177 4389 213 4436 ex
236 4369 316 4435 bello
339 4369 565 4452 preteritum.
589 4371 620 4438 61
640 4369 733 4437 Sedes
756 4372 922 4455 6606101106
936 4391 1080 4457 06660666
1104 4376 1193 4454 esset
1216 4374 1295 4460 quod
1310 4373 1430 4442 0616611

178 4485 321 4552 maximis
350 4486 382 4550 et
404 4484 683 4553 vehementissimis
713 4487 890 4568 rationibus,
921 4506 1042 4555 6606666
1064 4490 1112 4556 661
1141 4492 1195 4555 661
1224 4490 1340 4556 bellum
1369 4510 1429 4556 606
