3364 5102
778 411 1023 483 ..354-

272 613 359 700 giam
387 611 554 700 perfeetum
583 612 726 698 omnique
755 632 790 681 ex
812 614 898 697 parte
928 612 1102 678 ahsolutum
1131 605 1262 689 reddere,
1293 609 1385 675 uter
1408 605 1529 675 nullius

271 731 385 798 indulti
407 748 514 810 errore,
537 729 612 796 uitio
642 731 695 794 aut
718 729 838 794 macula
868 727 1031 812 quicquam
1053 727 1180 810 posthac
1209 725 1344 810 scrupuli
1374 725 1427 789 aut
1448 743 1527 790 con-

271 847 435 914 troversiae
450 847 595 912 adversus
618 845 696 911 illud
710 844 801 929 queat
816 863 978 928 emergere,
1000 843 1034 909 in
1049 861 1170 909 summo
1185 840 1384 907 beatitudinis
1404 841 1528 906 vestrae

271 963 392 1048 saepius
407 963 439 1027 in
455 982 504 1028 me
519 961 712 1045 comprobato
728 979 830 1026 amore
845 958 985 1038 confisus,
1009 978 1114 1024 versus
1129 977 1197 1023 eam
1212 957 1386 1023 humillime
1400 957 1527 1022 obsecro

271 1081 307 1144 ut
321 1078 419 1144 dictae
433 1077 536 1143 bullae
558 1076 642 1142 iuxta
656 1076 886 1160 castigatiorem
908 1073 1202 1157 emendatioremque
1224 1073 1355 1139 formam
1379 1071 1525 1138 mandare

271 1193 346 1260 velit
375 1195 410 1258 ut
438 1193 650 1259 rescribantur.
701 1190 786 1272 Quod
818 1190 845 1258 si
867 1191 900 1257 in
923 1190 1028 1257 eadem
1058 1209 1090 1255 re
1112 1191 1177 1254 tam
1207 1188 1310 1254 crebro
1339 1187 1524 1254 beatitudini

271 1309 388 1375 vestrae
411 1307 535 1375 videbor
556 1308 713 1387 molestus,
735 1307 768 1373 id
790 1326 844 1392 pro
868 1325 922 1373 sua
944 1307 1096 1372 immensa
1118 1304 1255 1370 bonitate
1277 1324 1338 1371 non
1362 1303 1440 1370 mihi
1468 1303 1522 1368 sed

270 1424 485 1491 ardentissimo
514 1423 615 1508 potius
638 1425 708 1489 voto
731 1421 767 1488 de
790 1422 916 1506 optimis
938 1421 1049 1487 studiis
1073 1420 1168 1504 deque
1183 1418 1325 1484 universa
1347 1418 1524 1503 repubblica

270 1540 355 1605 cuius
378 1539 535 1606 commodo
557 1541 589 1606 et
605 1537 813 1604 stabilimento
836 1538 916 1603 ultro
932 1557 1051 1622 semper
1066 1538 1167 1601 vestra
1190 1535 1338 1600 sanctitas
1362 1534 1443 1600 favet
1464 1533 1521 1600 ad-

270 1657 408 1735 scribere,
431 1675 538 1739 meque
556 1653 767 1719 humillimum
790 1652 821 1718 et
843 1651 1148 1718 observantissimum
1172 1671 1261 1716 suum
1284 1648 1439 1716 aermrlum
1463 1649 1523 1715 sibi

269 1770 605 1838 commendatissimum
628 1769 779 1853 suscipere
797 1767 983 1852 dignabitur,
1006 1786 1082 1851 quae
1097 1765 1275 1833 felicissime
1290 1784 1326 1830 ac
1347 1764 1523 1830 diutissime

269 1886 376 1952 valeat.

358 2000 494 2066 Londoni
517 2020 552 2068 ex
577 1999 652 2066 rneis
675 1999 802 2065 aedibus
824 1998 873 2065 die
895 1997 938 2065 iii.
961 1997 1103 2065 Januarii
1124 1995 1255 2063 mdrxvi.

1000 2229 1033 2296 Τ.
1058 2227 1202 2295 Cardiual
1224 2227 1430 2293 Eboraaeusia.

857 2492 932 2558 270.

543 2654 709 2716 Clemens
731 2655 805 2717 vn.
828 2657 1007 2731 Episcopo
1030 2655 1251 2714 Tridentino·

654 2763 756 2851 (Brer.
772 2783 798 2831 a.
814 2765 871 2830 Ill.
886 2783 932 2848 ep.
948 2765 978 2830 5.
994 2762 1044 2828 fol.
1063 2760 1128 2849 10).

767 2879 811 2965 (8.
825 2879 896 2946 Jan.
913 2875 1023 2964 1526).

353 3039 545 3108 Venerabilis
568 3040 661 3107 frater
685 3041 817 3105 salutem
832 3041 886 3106 etc.
919 3037 1087 3105 Scribimus
1108 3038 1146 3105 ad
1161 3038 1308 3130 dilepum
1324 3037 1424 3104 filium
1447 3037 1517 3103 nob.

263 3155 363 3222 virum
385 3155 611 3222 Fordinandum
634 3155 854 3238 Hispaniarum
883 3154 1061 3239 principem,
1090 3154 1233 3220 Austriae
1256 3152 1458 3232 archiducem,
1482 3157 1518 3217 ut

262 3291 331 3337 cum
354 3271 516 3355 probitatis
539 3273 570 3337 et
592 3270 685 3336 orfieii
708 3271 764 3350 sui,
794 3271 861 3335 tum
884 3272 988 3336 nostra
1018 3269 1112 3335 etiam
1134 3288 1226 3335 eausa
1249 3269 1324 3334 uelit
1345 3267 1426 3333 inter
1448 3287 1514 3333 ven.

261 3387 387 3452 fratrem
418 3386 592 3470 episcopum
616 3384 879 3451 Hildesemensem
909 3388 940 3451 et
962 3385 1089 3450 dilectos
1118 3383 1199 3450 filios
1222 3385 1291 3450 nob.
1315 3383 1396 3449 viros
1423 3381 1515 3447 duces

261 3502 507 3568 Brunswiconses
531 3501 602 3567 lites
629 3503 660 3567 et
682 3499 849 3568 discordias
872 3520 976 3566 eorum
999 3519 1184 3584 componere,
1214 3517 1324 3584 eoaque
1347 3497 1386 3563 ad
1409 3517 1514 3582 pacem

259 3619 291 3683 et
313 3616 504 3684 concordiam
527 3616 670 3700 redigere,
701 3615 779 3682 sicut
794 3635 864 3682 eum
887 3635 941 3700 pro
963 3615 1061 3699 ipsius
1084 3617 1200 3700 inclyta
1227 3615 1340 3698 pietate
1364 3617 1395 3679 et
1417 3613 1515 3680 animi

260 3731 472 3816 magnitudine
496 3732 647 3797 facturum
670 3751 737 3797 esse
760 3731 950 3809 confidimus,
973 3731 1153 3815 praesertim
1177 3731 1203 3796 si
1225 3731 1258 3794 in
1281 3729 1314 3795 id
1328 3729 1460 3795 hortatio
1484 3731 1515 3794 et

260 3847 421 3914 consilium
450 3849 521 3913 tuae
550 3847 752 3913 fraternitatis
777 3846 907 3912 accedat.
954 3843 1037 3926 Quae
1061 3846 1096 3926 si,
1120 3848 1154 3911 ut
1181 3864 1332 3930 personae
1354 3847 1386 3910 et
1414 3845 1514 3910 officio

260 3982 313 4028 suo
336 3963 484 4041 convenit,
507 3981 621 4046 nosque
645 3981 810 4046 speramus,
834 3981 922 4027 suam
945 3965 976 4028 et
999 3963 1212 4028 auctoritatem
1234 3963 1265 4026 et
1288 3978 1410 4044 operam
1433 3959 1513 4043 apud

259 4077 387 4144 eundem
411 4077 603 4144 archiducem
626 4077 849 4162 interposuerit,
879 4077 943 4144 Deo
966 4076 1089 4162 quidem
1111 4077 1145 4142 in
1167 4076 1284 4160 primis,
1314 4079 1382 4142 tum
1405 4075 1513 4142 deinde

258 4193 346 4260 nobis
368 4213 434 4260 rem
456 4195 630 4278 pergratam
653 4193 772 4259 efficiet.
804 4189 1065 4272 Quemadmodum
1088 4193 1162 4258 haec
1185 4192 1237 4258 dil.
1254 4191 1335 4256 filius
1358 4191 1512 4276 Hierony·

258 4329 327 4375 mus
350 4310 496 4375 Rorarius
520 4309 648 4377 nuncius
679 4309 781 4374 noster
810 4307 930 4392 plenius
961 4307 1131 4394 explicabit.
1177 4308 1293 4373 Datum
1316 4307 1432 4400 Romae
1455 4309 1512 4374 ete

258 4425 306 4492 dio
330 4425 391 4491 viii
415 4425 557 4491 Januarii
580 4425 710 4490 mdurvi.
756 4425 845 4488 Auno
869 4423 967 4489 tertio.

1214 4537 1421 4624 Evangeliste.
