3380 5088
761 303 1109 402 -aroa'

255 527 344 613 dum,
374 529 455 618 quod
476 529 580 599 hostes
602 531 668 597 tam
690 529 886 616 pertinaciter
914 529 1115 615 occupabant,
1145 547 1179 598 eo
1208 531 1344 616 tempore
1370 527 1506 616 caepisse

254 649 400 730 ridemur,
423 668 517 734 quum
539 648 571 714 id
594 647 719 714 difficile
741 647 873 713 marimo
896 646 1055 714 rideretur.
1102 645 1227 714 Summo
1242 667 1374 732 namque
1395 648 1504 726 hieme

254 785 290 832 ao
311 768 410 832 multa
433 765 511 830 aeris
527 764 706 848 intemperie
728 767 946 848 oppugnatum,
969 763 1093 830 11111111
1109 763 1148 829 ad
1169 783 1225 830 nos
1241 765 1339 830 rediit
1371 764 1503 848 Agimus

253 883 318 949 Deo
341 882 457 967 optimo
479 881 605 966 gratias,
634 882 796 965 postquam
819 880 864 945 ila
886 880 1028 958 evenerit
1058 882 1093 945 ut
1115 899 1209 964 quum
1232 880 1336 946 omnia
1357 882 1389 946 ct
1410 881 1503 958 intus,

252 1019 288 1065 ac
303 1000 385 1078 foris,
408 1000 527 1083 praeter
542 999 606 1063 tam
621 996 738 1062 iustam
759 1014 884 1061 oausam
899 997 1046 1073 nostram,
1068 995 1263 1079 militumque
1285 998 1376 1080 atque
1391 995 1502 1061 ducum

149 1103 151 1114 ’
252 1116 425 1181 nostrorum
440 1113 594 1192 uirtutem,
617 1111 776 1178 conatibus
797 1111 911 1178 nostris
933 1111 1054 1176 obstare
1076 1110 1264 1190 viderentur,
1287 1113 1407 1176 namet
1426 1112 1502 1176 satis

251 1230 375 1296 firmum
398 1229 583 1314 praesidium
605 1228 689 1294 intus
712 1226 772 1292 tuit
793 1226 968 1310 nulliusque
991 1227 1035 1292 rei
1057 1245 1158 1311 egens,
1187 1227 1242 1292 illo
1256 1226 1389 1332 ¹taudem
1412 1227 1503 1310 potiti

250 1346 357 1412 simus.
396 1343 456 1411 Sed
471 1345 550 1429 quod
565 1343 734 1412 marimum
756 1345 812 1420 est
835 1342 986 1407 voluimus
1009 1342 1065 1407 hoc
1081 1343 1277 1408 sanctitatem
1291 1344 1424 1407 uestram
1441 1361 1501 1408 111

249 1461 398 1546 ignorare,
430 1461 645 1545 proptereaque
668 1475 729 1523 non
751 1475 889 1524 veremur
911 1457 986 1541 quin
1000 1459 1198 1541 posteaquam
1221 1458 1305 1523 ridet
1319 1459 1377 1524 Dei
1392 1458 1500 1542 optimi

248 1577 470 1662 benignitatem
494 1577 559 1641 tam
575 1575 673 1640 iustae
689 1577 799 1638 causae
813 1575 934 1638 nostrae
957 1572 1002 1638 ita
1016 1573 1159 1657 aspirare,
1182 1593 1217 1640 eo
1236 1573 1329 1639 stiam
1354 1574 1500 1640 libentius

247 1693 316 1777 ipsa
338 1692 376 1759 de
398 1692 486 1758 uobis
518 1689 778 1774 amplitudineque
801 1691 913 1768 nostre,
942 1689 990 1754 vel
1014 1706 1069 1754 sua
1099 1688 1196 1774 ipsius
1219 1690 1320 1773 potius
1345 1690 1431 1776 (nam
1453 1690 1501 1756 illi

248 1809 351 1874 omnia
373 1809 476 1874 nostra
507 1824 626 1889 semper
648 1803 750 1870 delata
779 1801 1022 1892 essevolumus)
1047 1823 1181 1884 sensura,
1210 1807 1301 1889 atque
1329 1807 1500 1890 cogitatum

247 1923 297 2004 sit
319 1941 397 2007 quae
418 1924 523 1988 tamen
545 1921 648 1988 omnia
670 1921 816 1988 hubertus
838 1939 873 1985 er
896 1922 1013 1986 oratore
1035 1922 1140 1986 nostro
1161 1920 1277 1986 illustri
1300 1921 1374 1987 duce
1389 1920 1500 1988 Suessa

247 2039 415 2122 cognoscet
454 2036 621 2120 Valeatque
645 2037 746 2103 vestra
769 2035 917 2101 sanctitas
940 2055 1032 2120 quam
1060 2036 1264 2103 foelicissime.
1308 2039 1353 2103 Er
1376 2017 1499 2104 civitate

246 2156 350 2220 nostra
365 2153 520 2220 Victoriae
543 2151 679 2219 calendis
697 2151 804 2216 Martii
827 2169 906 2216 auno
921 2150 1047 2216 Domini
1069 2152 1235 2219 millesimo
1253 2153 1498 2237 quingentesimo

245 2269 393 2354 vigesimo
425 2269 542 2353 quarto,
565 2287 727 2354 regnorum
760 2269 933 2334 nostrorum
973 2268 1180 2335 Romanorum
1218 2269 1339 2353 quinto,
1370 2269 1499 2335 aliorum

246 2403 315 2455 roro
338 2385 476 2452 omnium
498 2401 586 2452 nono.

333 2616 459 2684 Carolus
489 2617 592 2682 (lirina
615 2616 735 2683 fauente
764 2616 926 2682 clementia
955 2617 1069 2682 electus
1093 2615 1301 2682 Romanorum
1323 2616 1495 2701 imperator,

245 2752 364 2817 semper
392 2734 557 2818 augustus,
594 2751 629 2797 ac
663 2731 845 2798 Germanias
876 2731 1153 2815 Hispaniammque
1184 2732 1341 2817 utriusque
1373 2731 1496 2800 Siciliae

246 2849 365 2916 Hierus.
389 2851 444 2916 etc
467 2869 526 2914 reu.
1274 2847 1406 2915 Carolus.

335 3079 535 3148 Sanctissimo
551 3078 714 3146 inhristo
729 3080 810 3163 patri
825 3079 947 3146 domiuo
957 3078 1107 3146 Clementi
1123 3083 1331 3147 sacrosanctae
1341 3081 1496 3148 Romanae

246 3216 281 3263 ac
303 3196 484 3264 uniuersalis
507 3197 650 3262 ecclesiae
672 3195 808 3279 pontifici
830 3196 972 3262 marimo.

837 3457 912 3524 207.

620 3621 772 3683 Carolus
794 3621 834 3682 v.
857 3621 1029 3682 Clementi
1052 3623 1124 3684 vn.

696 3731 782 3818 (uim
797 3731 891 3815 princ.
907 3731 947 3798 ΙΙ.
965 3731 1053 3819 178).

716 3847 781 3933 (14.
798 3847 904 3912 Martii
921 3847 1030 3932 1524).

337 4007 521 4076 Beatissimo
543 4010 637 4092 pater,
660 4007 781 4074 domine
804 4007 1061 4074 reverendissime.
1107 4009 1175 4075 Etsi
1196 4009 1241 4076 ita
1263 4011 1351 4077 nobis
1374 4011 1495 4078 iamdu-

247 4123 322 4190 dum
344 4143 523 4209 persuasum
546 4130 628 4191 esset
649 4123 795 4208 nobisque
819 4123 1036 4208 propemodum
1058 4124 1173 4209 liquido
1196 4129 1357 4206 constaret
1381 4127 1496 4194 saucti-

246 4243 344 4307 tatem
367 4243 502 4308 11111111
526 4241 553 4306 11
575 4239 673 4306 eidem
696 4259 831 4325 unquam
853 4241 913 4307 Dei
934 4241 1043 4326 optimi
1066 4242 1257 4328 benignitate
1278 4243 1318 4310 ad
1341 4264 1497 4310 summum

246 4357 342 4423 isbrm
364 4355 526 4442 dignitatis
549 4358 666 4440 apicem
689 4357 843 4440 peruenire
865 4357 1053 4442 contigisset
1075 4358 1155 4424 nihil
1177 4358 1349 4443 apristinis
1373 4361 1437 4426 suis
1460 4361 1497 4426 de

247 4473 402 4557 republica
425 4471 544 4553 studiis,
574 4472 685 4539 nihils
707 4473 836 4558 pristino
861 4493 915 4540 suo
937 4492 1010 4559 erga
1031 4493 1087 4541 uos
1117 4475 1219 4541 animo
1241 4475 1400 4558 deflexura,
1423 4477 1498 4562 quin
