3380 5088
662 323 908 396 „att-

158 520 271 600 electis,
294 519 621 597 administrationibus,
637 519 809 600 abbatibus,
832 519 1007 598 abbatissis,
1030 519 1237 599 conventibus,
1253 540 1409 588 commen-

158 636 295 716 datoriis,
319 636 350 701 et
373 635 443 701 aliis
467 635 604 718 personis
626 635 789 718 praedictis
813 634 984 718 erigendae,
1015 654 1050 701 ac
1072 636 1157 702 illius
1180 637 1357 715 collectoris,
1380 640 1411 702 et

158 752 306 818 exactoris
321 752 558 836 deputationem,
573 769 689 816 necnon
702 749 884 815 facultatum
894 751 1119 818 concessionem
1133 751 1312 835 perdictum
1321 771 1410 836 prae·

158 869 345 935 decessorem
361 868 395 932 in
408 866 529 944 ducatu,
553 865 696 944 dominio,
720 865 818 944 terris,
842 867 872 930 et
888 865 962 932 locis
979 867 1090 932 vestris
1113 866 1210 933 factm
1226 866 1411 946 huiusmodi,

159 1003 193 1050 ac
215 984 345 1068 desuper
367 983 519 1050 confectas
541 982 661 1048 litteras
685 981 864 1066 praedictas,
895 1002 965 1050 cum
988 983 1139 1060 omnibns,
1169 985 1201 1050 et
1224 983 1354 1068 singulis
1379 985 1412 1050 in

158 1101 203 1166 eis
226 1099 377 1167 contentis
400 1098 546 1166 clausulis
569 1099 714 1164 uduemm
729 1098 951 1164 revocationem
975 1098 1147 1164 litterarum
1169 1099 1353 1179 huiusmodi,
1377 1119 1414 1164 ac

157 1217 191 1282 in
205 1215 380 1301 pristinum,
403 1217 435 1280 et
449 1215 482 1280 in
497 1233 568 1281 eum
589 1213 624 1282 in
645 1232 704 1298 quo
727 1215 798 1280 ante
820 1215 1041 1281 revocationem
1064 1214 1165 1298 ipsam
1187 1213 1413 1300 quomodolibet

158 1333 246 1398 erant
269 1333 394 1409 statum
417 1330 462 1395 ite
484 1331 520 1396 nt
541 1329 642 1396 dictus
665 1331 760 1399 abbas
783 1329 822 1396 ed
844 1330 972 1397 totalem
994 1329 1131 1414 ipsemm
1145 1331 1318 1398 naamm
1342 1349 1411 1398 exe·

159 1447 309 1514 cntionem
333 1445 429 1513 libere
452 1446 610 1530 procedere
631 1446 731 1530 possit
753 1447 787 1512 in
809 1446 960 1525 omnibus,
983 1449 1014 1512 et
1036 1465 1089 1529 per
1103 1447 1215 1526 omnia,
1238 1446 1362 1530 perinde
1377 1466 1414 1514 ac

160 1563 188 1628 si
209 1561 359 1628 revocatio
382 1563 487 1627 nostra
509 1561 663 1644 praedicta
686 1563 861 1628 nullatenus
885 1562 967 1628 facte
987 1561 1104 1640 auset,
1134 1562 1315 1630 auctoritate
1337 1579 1412 1646 apo—

114 1715 119 1726 ·
160 1678 268 1744 stoliea
290 1679 393 1744 tenore
416 1677 623 1761 praesentium
645 1678 846 1756 restituimus,
876 1677 1059 1760 reponimus,
1088 1679 1120 1744 et
1141 1677 1276 1761 plenarie
1298 1677 1412 1744 reinte-

159 1811 301 1878 gramns,
331 1811 366 1858 eo
388 1791 553 1875 repositas,
584 1792 757 1871 restitutas,
788 1793 818 1858 et
840 1793 1057 1876 reintegratas,
1088 1812 1205 1860 necnon
1227 1792 1360 1870 ualidas,
1383 1793 1415 1858 et

160 1909 296 1976 efficaces
312 1909 454 1984 aristeum
478 1927 595 1975 necnon
609 1907 859 1992 archiepiscopos,
882 1909 1047 1992 episcopos,
1069 1907 1190 1987 electos,
1213 1908 1412 1977 administra-

159 2027 249 2103 tores,
272 2025 407 2102 abbetes,
430 2023 613 2102 abbatissas,
630 2025 804 2102 conuentus,
827 2021 1110 2101 commendatarios,
1131 2027 1163 2090 et
1178 2025 1256 2091 alies
1271 2043 1415 2110 personas

159 2139 330 2226 praedictas
353 2139 392 2204 ad
416 2139 599 2206 solutionem
622 2138 746 2224 quintae
769 2139 867 2223 partis
890 2137 1027 2204 omnium
1051 2139 1206 2206 fructuum
1228 2141 1319 2208 onius
1342 2139 1415 2208 anni
1483 2120 1490 2126 ’

160 2257 274 2342 integri
295 2256 402 2334 teneri,
424 2257 455 2321 et
477 2255 516 2320 nd
539 2255 571 2321 id
595 2257 661 2321 tam
675 2256 877 2341 posteriorum
900 2255 1132 2340 praedictorum,
1155 2273 1248 2339 quam
1270 2273 1414 2339 praesen·

159 2373 239 2466 tium
263 2372 366 2456 uigore
388 2387 441 2455 per
464 2371 615 2449 abbatem,
638 2373 670 2436 et
692 2371 730 2436 ab
746 2388 781 2437 eo
803 2369 991 2453 deputandos
1014 2371 1165 2454 praelatos
1189 2389 1242 2455 per
1264 2389 1415 2448 censuras,

160 2490 192 2554 ot
213 2505 326 2571 poenas
349 2486 518 2571 praedictas
542 2487 626 2570 cogi,
656 2489 687 2551 et
716 2486 858 2570 compelli
881 2505 984 2570 pesse,
1014 2489 1046 2552 et
1068 2485 1102 2553 bi
1129 2506 1183 2570 per
1211 2505 1416 2571 quoscumque

159 2603 274 2670 iudices
295 2589 405 2687 'quevis
419 2602 608 2680 anctoritate,
633 2601 754 2668 sublcta
777 2601 822 2668 eis
844 2601 952 2687 quade
977 2601 1066 2668 aliter
1088 2601 1242 2668 iudicandi
1264 2603 1296 2668 et
1317 2602 1414 2668 inter·

160 2717 299 2802 pretandi
323 2717 477 2796 facultate,
500 2719 531 2783 et
553 2717 741 2797 anctoritate,
765 2717 902 2795 indicari,
925 2719 957 2784 et
978 2716 1107 2784 diffiniri
1129 2717 1251 2795 debere;
1274 2736 1310 2784 ao
1327 2718 1414 2802 quic·

161 2833 234 2918 quid
257 2852 343 2900 secus
367 2852 457 2917 super
479 2833 530 2898 luis
553 2850 739 2918 equoquam
761 2833 868 2916 quavis
892 2831 1071 2899 auctoritate
1094 2833 1232 2912 scienter,
1255 2833 1304 2900 rol
1325 2833 1415 2918 igno·

162 2950 263 3015 canter
285 2947 449 3033 contigerit
471 2949 627 3027 abenbri,
649 2949 771 3016 irritum
795 2951 826 3016 et
850 2948 940 3014 inane
962 2948 1161 3028 decernimus,
1183 2967 1245 3016 non
1263 2949 1415 3017 obstanti·

162 3065 219 3129 bns
242 3065 429 3148 praemissis,
459 3083 494 3130 eo
516 3063 794 3142 constitutionibus,
824 3065 855 3135 et
877 3063 1119 3130 ordinationibus
1148 3063 1333 3147 apostolicis,
1362 3083 1417 3130 neo

163 3198 225 3249 non
248 3179 390 3246 omnibus
413 3180 486 3259 illis,
510 3199 587 3264 quae
609 3179 642 3246 in
657 3179 877 3264 posterioribus
900 3179 1013 3246 litteris
1028 3179 1157 3246 Adriani
1179 3179 1417 3263 praedecessoris

162 3294 338 3374 huiusmodi
366 3315 543 3364 concessum
572 3296 632 3362 luit
660 3315 721 3372 non
750 3298 885 3376 obstare,
909 3299 1039 3382 atquae
1061 3315 1115 3380 pro
1143 3295 1282 3379 repetitis
1312 3295 1418 3362 haberi

164 3411 315 3490 uolumus,
331 3411 517 3496 caecusque
533 3411 693 3478 contrariis
709 3412 957 3497 quibuscumque.
996 3413 1199 3479 Dooomentes
1214 3411 1418 3496 transumptis

164 3527 371 3610 praesentium
395 3547 488 3593 manu
517 3527 630 3593 notarii
651 3527 767 3612 publici
790 3528 980 3612 subscriptis,
1010 3529 1042 3594 et
1064 3527 1168 3612 sigillo
1195 3527 1324 3594 abemus
1346 3547 1417 3612 per·

163 3661 254 3709 sonae
268 3642 302 3708 in
313 3641 464 3726 dignitate
474 3642 680 3710 ecclesiastica
695 3643 879 3710 constitutae
893 3642 1032 3722 munitis,
1046 3643 1172 3710 eandem
1187 3661 1311 3726 prorsus
1325 3642 1418 3709 fidem

166 3757 279 3842 ubique
301 3757 441 3824 adhiberi
462 3758 579 3836 debere,
602 3777 679 3842 quae
701 3758 895 3826 adhiberetur
917 3757 1137 3842 praesentibus,
1161 3758 1189 3824 si
1210 3759 1310 3826 forent
1330 3759 1417 3825 erhi-

163 3873 256 3953 bitae,
288 3874 338 3940 uel
367 3875 515 3940 ostensae.
561 3875 676 3940 Datum
699 3875 815 3942 Romae
844 3873 894 3940 die
922 3894 969 3941 ru.
991 3873 1133 3944 tennerit
1154 3875 1284 3942 mdniv.
1329 3876 1418 3942 Anno

163 4008 269 4073 pruno.

1121 4223 1326 4307 Euangelista.
