3396 5090
692 353 936 418 -179-

277 544 407 626 Caeam
429 583 474 594 -
496 545 654 613 Jubileum
677 546 810 630 pontifex
841 547 977 614 concedit
1007 548 1063 612 sub
1086 548 1177 614 certis
1207 549 1440 629 conditionibus,

189 661 312 745 eiusque
328 661 561 746 consanguineis
585 665 616 728 et
630 662 783 742 affinibus,
806 663 990 730 consiliariis
1013 664 1044 729 et
1059 663 1263 730 familiaribus
1278 683 1440 750 eorumque

189 778 331 843 uxoribus
347 779 378 843 st
392 778 507 857 liberis,
524 777 631 844 deiude
647 777 789 844 omnibus
805 797 879 862 quos
902 779 982 844 iufra
1005 779 1121 844 certum
1140 781 1261 864 tcmpns
1276 780 1441 864 imperator

188 893 255 976 ipse
276 893 487 959 nominaverit.
510 931 555 941 —
576 893 635 960 Die
657 893 707 960 xii.
730 891 914 960 Novembris
938 893 1056 960 mdxxv.
1101 895 1190 962 Anno
1214 895 1350 962 secundo.

278 1125 511 1210 Archiepiscopo
522 1123 687 1191 Senonensi
696 1127 875 1193 cancellario
885 1127 1036 1192 Franciae.
1048 1127 1148 1212 Rogat
1158 1132 1298 1195 eumdem
1307 1129 1442 1212 pontifex

191 1242 234 1320 uc,
256 1259 310 1325 pro
334 1261 388 1308 suo
417 1259 490 1324 erga
513 1260 544 1306 se
576 1242 676 1307 studio
699 1261 735 1307 ac
763 1242 964 1320 observantia,
994 1241 1107 1308 efficiat
1130 1245 1165 1308 ub
1186 1242 1233 1310 Jo.
1258 1241 1442 1330 Staphylcus

191 1354 230 1421 ad
245 1355 468 1440 possessionem
483 1357 626 1422 ecclesiae
641 1356 791 1436 Dolensis,
815 1357 844 1423 ei
861 1358 900 1424 ab
916 1332 1081 1441 apostolica
1097 1355 1173 1424 Sede
1195 1359 1260 1426 iure
1275 1360 1443 1444 meritoque

191 1471 327 1549 collatae,
350 1471 540 1550 admittatur,
562 1471 738 1556 posthabita
761 1473 968 1539 nominatione
990 1472 1048 1537 filii
1063 1473 1189 1540 Domini
1211 1474 1248 1541 de
1263 1476 1366 1554 Laval
1389 1475 1441 1560 qui

191 1588 224 1652 et
245 1587 345 1653 aetate
367 1588 399 1652 ct
414 1587 484 1652 aliis
507 1587 544 1653 de
567 1587 668 1654 causis
684 1587 723 1652 ad
745 1606 812 1653 eam
830 1588 952 1672 ineptus
970 1589 1217 1671 comperiebatur.
1263 1591 1378 1656 Romae
1394 1590 1443 1656 die

192 1700 243 1767 xii.
266 1701 449 1770 Novembris
472 1702 590 1769 mdxxx.
636 1703 725 1769 Anno
749 1703 887 1770 secundo.

786 1964 858 2030 136.

726 2127 921 2188 Caesari.

286 2278 450 2347 Carissimo
478 2281 512 2346 in
534 2279 655 2347 Christo
684 2280 732 2346 iili
759 2283 870 2348 noster.
920 2281 965 2346 Ex
993 2280 1108 2347 litteris
1138 2282 1324 2348 scilicinae
1353 2300 1447 2347 manu

198 2397 319 2480 scriptis
335 2397 416 2462 datis
431 2395 532 2462 xxviii.
548 2396 690 2463 Octobris
705 2397 896 2480 concepimus
912 2417 974 2463 non
989 2396 1171 2463 mediocrem
1186 2396 1282 2462 animi
1297 2396 1448 2463 laetitiam

196 2513 252 2578 illa
274 2515 343 2578 tuae
366 2513 500 2596 optimae
522 2531 595 2597 erga
616 2520 673 2578 nos
695 2513 863 2580 uoluntatis
887 2513 1183 2591 commemoratione,
1207 2531 1318 2597 speque
1334 2531 1447 2597 magna

197 2626 354 2694 hominem
383 2629 472 2693 tuum
500 2647 590 2712 quem
620 2627 658 2694 ad
689 2648 743 2694 nos
773 2627 1001 2712 quamprimum
1029 2629 1196 2695 missurum
1226 2628 1257 2694 te
1287 2629 1449 2694 confirmas

197 2743 382 2838 expectaturi
405 2762 520 2822 sumus,
543 2762 603 2809 non
619 2742 794 2810 dubitantes
817 2742 891 2827 quin
914 2742 941 2809 is
965 2747 1055 2810 serii·
1073 2745 1144 2810 tuae
1166 2743 1399 2810 deliberationes
1418 2744 1450 2809 et

198 2858 326 2924 consilia
348 2859 470 2925 nostras
493 2877 528 2924 ac
549 2857 640 2924 huius
664 2857 734 2924 Sao
758 2855 845 2924 Sedis
868 2857 1015 2942 dignitati
1037 2847 1249 2944 communique
1272 2859 1449 2924 ebusitani-

115 2955 118 2960 ’
198 2973 274 3038 tatis
296 2973 365 3057 paci
379 2975 410 3040 et
433 2973 527 3039 saluti
542 2973 701 3040 commoda
724 2975 815 3057 atquc
830 2975 999 3058 opportuna
1022 2974 1064 3039 sit
1079 2975 1237 3040 allaturus.
1283 2973 1365 3039 Illud
1380 2992 1451 3040 vero

199 3088 331 3155 alterum
345 3088 425 3173 quod
447 3089 484 3155 de
499 3088 702 3173 dispensando
726 3108 816 3173 super
838 3089 1034 3156 matrimonio
1057 3090 1137 3173 petis
1152 3109 1171 3154 a
1186 3091 1283 3170 nobis,
1306 3090 1351 3154 ita
1373 3089 1450 3155 faci-

199 3223 270 3271 mus
292 3203 423 3271 libenter
444 3205 480 3270 ut
501 3205 606 3271 tamen
621 3205 761 3288 optemus
784 3206 874 3290 atque
898 3188 1053 3288 speremus
1076 3204 1259 3271 adeundam
1281 3204 1365 3288 pacis
1379 3204 1450 3270 uni-

200 3320 329 3387 uersalis
344 3321 446 3398 finem,
470 3321 550 3385 sieut
564 3321 599 3386 tu
614 3321 703 3386 nobis
718 3339 861 3404 persaepe
877 3317 1039 3386 ostendisti
1055 3321 1161 3404 aptum
1177 3321 1207 3386 st
1222 3319 1453 3387 accomodatum

200 3435 272 3502 fore.
301 3435 340 3501 In
362 3454 422 3520 quo
438 3441 542 3501 ser.tene
557 3438 644 3502 tuam
667 3436 701 3501 in
715 3435 848 3502 Domino
871 3436 1038 3520 plurimum
1054 3435 1251 3502 adhortamur
1274 3436 1349 3502 velit
1364 3455 1453 3520 agere

201 3552 293 3635 atque
314 3551 432 3618 efficere
447 3552 483 3617 ut
505 3551 543 3616 ab
566 3551 616 3617 his
634 3551 819 3617 tumultibus
834 3553 865 3617 et
888 3549 1109 3636 suspitionibus
1124 3551 1453 3635 perniciosissimarum

202 3667 421 3734 discordiarum
435 3685 512 3752 quae
534 3668 600 3734 tam
616 3686 703 3732 saeve
725 3685 821 3752 usque
836 3667 934 3733 adhuc
956 3668 1044 3734 illam
1059 3667 1268 3733 laceraremnt
1289 3665 1453 3750 aliquando

201 3783 298 3850 libera
320 3784 351 3849 et
372 3783 441 3862 tuta
463 3783 506 3848 sit
519 3782 739 3862 christianitas,
762 3781 841 3866 quod
857 3783 889 3848 in
914 3786 1003 3848 ser.tis
1023 3783 1094 3848 tuae
1116 3783 1319 3869 temperantia
1337 3783 1368 3848 et
1383 3802 1452 3848 ma·

202 3897 362 3984 gnitudine
390 3897 589 3983 potissimum
611 3898 818 3965 videturesse
840 3898 983 3983 positum,
1012 3899 1046 3964 in
1068 3898 1235 3984 primisque
1257 3899 1349 3964 Italia
1378 3917 1454 3983 quae

203 4017 275 4081 tuas
289 4014 361 4081 fidei
382 4015 514 4081 maxime
529 4014 740 4081 commendata
763 4016 818 4080 est.
863 4013 929 4080 Nos
945 4014 1068 4098 quidem
1083 4016 1125 4094 tu,
1148 4015 1181 4079 iu
1203 4015 1293 4080 rebus
1312 4014 1454 4081 omnibus

204 4150 280 4216 quae
302 4131 362 4196 tibi
375 4131 481 4216 gratas
504 4133 535 4197 et
549 4132 602 4197 tuo
617 4129 736 4197 nomini
750 4130 932 4196 honorificae
947 4130 1066 4196 futmce
1090 4131 1169 4210 sunt,
1184 4130 1320 4196 invenies
1337 4149 1455 4213 semper

205 4248 237 4312 et
259 4265 362 4313 amore
384 4246 416 4311 et
436 4246 594 4313 voluntate
616 4265 683 4312 esse
705 4245 926 4330 paratissimos,
957 4246 1035 4311 siout
1065 4265 1135 4311 cum
1157 4245 1262 4311 eadem
1293 4251 1374 4311 ser.tc
1401 4247 1455 4308 tua

204 4361 257 4428 dil.
279 4361 315 4428 fr.
338 4363 442 4428 noster
456 4361 504 4429 Jo.
522 4360 551 4427 S.
568 4361 695 4429 mmm
717 4363 748 4427 et
762 4361 908 4427 Damiani
930 4360 1094 4426 cardinalis
1117 4360 1153 4426 de
1170 4359 1315 4427 Salviatis
1333 4360 1454 4442 legatus

204 4479 236 4545 et
258 4477 423 4545 secundum
446 4497 568 4545 carnem
584 4479 686 4544 affinis
709 4480 820 4558 noster,
844 4480 898 4543 aut
919 4477 1069 4542 Baldasar
1092 4475 1295 4542 Oastilioneus
1325 4474 1453 4540 nuncius

1236 4581 1295 4651 12*
