3400 5088
878 564 928 630 80.

698 729 898 790 Marchioni
922 730 1109 791 piscariae.

363 885 482 950 Dilecte
496 884 550 949 iili.
595 881 672 948 Cum
687 883 879 948 mitteremus
902 899 1004 950 venem
1027 883 1152 950 fratrem
1169 883 1337 949 Antonium
1352 883 1527 968 episcopum

273 1001 491 1067 Pistoriensem
514 999 666 1083 prolatum
689 999 828 1064 nostrum
850 999 1051 1064 domesticum
1074 999 1113 1063 ad
1137 1019 1199 1079 vos,
1221 1000 1274 1084 qui
1296 1001 1328 1065 et
1342 1000 1526 1083 gratulatio-

274 1137 345 1184 nom
367 1117 453 1183 vobis
478 1118 615 1182 nostram
644 1116 749 1180 tantae
771 1117 803 1180 ei
825 1117 890 1180 tem
920 1114 1112 1180 admirabilis
1135 1115 1279 1181 victoriae
1309 1121 1398 1181 euius
1426 1119 1528 1182 bonor

270 1243 342 1320 poet
356 1235 466 1298 Deum
483 1243 555 1296 tuce
569 1235 696 1296 uirtutis
711 1241 756 1295 eat
773 1235 925 1316 proprius
932 1229 956 1316 1)
981 1232 1138 1296 renovaret
1160 1233 1192 1295 et
1204 1231 1317 1297 viseret
1338 1231 1431 1297 otiam
1450 1250 1525 1298 con-

273 1351 478 1433 solareturque
496 1349 600 1413 nostro
615 1347 738 1413 nomine
753 1347 947 1413 carissimum
963 1347 997 1412 in
1012 1345 1133 1412 Christo
1156 1346 1255 1412 filiurn
1271 1348 1411 1413 nostrum
1426 1349 1525 1414 Fron-

272 1467 386 1535 ciscnm
409 1466 594 1532 Francorum
623 1483 726 1548 regem
755 1462 1049 1529 christianissimum
1077 1463 1156 1547 quod
1186 1463 1243 1529 boo
1272 1462 1406 1531 officium
1435 1464 1525 1530 nobis

270 1585 417 1666 tanquam
439 1580 550 1646 vicario
566 1579 682 1645 Christi
703 1582 734 1645 ot
749 1580 890 1645 omnibus
913 1578 1037 1644 atilictis
1060 1579 1283 1645 misericordiae
1297 1579 1427 1646 debitori
1449 1599 1524 1646 con·

272 1698 374 1764 venire
397 1697 530 1763 maxime
551 1695 810 1779 intelligebamus,
833 1694 1047 1760 mandavimus
1069 1694 1118 1759 illi
1139 1696 1175 1760 ut
1197 1714 1267 1761 oum
1289 1696 1449 1762 nobilitate
1471 1698 1527 1760 tua

271 1815 373 1898 ulique
396 1813 518 1879 nomine
541 1813 645 1878 nostro
674 1812 855 1896 loqueretur,
883 1811 1043 1878 hortemur
1064 1810 1192 1877 eandem
1222 1814 1308 1876 tuam
1330 1811 1526 1878 nobilitatem

271 1931 302 1995 in
318 1929 450 1996 Domino
472 1931 507 1993 ut
522 1948 592 1994 eum
607 1929 739 2012 benigne
761 1927 865 1992 audire
880 1927 1032 2010 fidemque
1053 1927 1102 1992 illi
1115 1926 1275 1993 indubiam
1290 1928 1433 1994 adhibere
1448 1929 1526 1995 velis

271 2045 350 2128 quod
364 2046 458 2110 facies
473 2045 561 2110 nobis
579 2061 769 2128 summopere
784 2045 917 2128 gratum.
956 2043 1072 2108 Datum
1087 2043 1202 2108 Romae
1217 2046 1273 2110 etc.
1288 2044 1337 2109 die
1352 2045 1402 2110 rii
1418 2043 1525 2109 Martii

271 2161 389 2226 mdrxv.
435 2161 524 2226 Anno
547 2159 685 2226 secundo.

831 2274 968 2340 Similia:

697 2391 776 2456 Duci
798 2391 944 2457 Borbonii

697 2507 776 2572 Duoi
798 2505 965 2572 Mediolani

697 2623 903 2689 lberdiuendo
925 2623 962 2688 de
979 2623 1095 2688 Iaroon

695 2739 829 2804 Antonio
852 2738 890 2805 de
911 2740 999 2804 Iera

871 2999 922 3065 81.

725 3165 811 3236 Regi
834 3164 1069 3223 Francorum.

360 3319 532 3385 Carissimo.
578 3317 646 3383 lltsi
674 3337 709 3382 or
738 3335 773 3382 eo
802 3319 912 3382 eventu
941 3337 1042 3383 rernm
1072 3317 1125 3402 qui
1153 3318 1253 3400 preter
1282 3318 1521 3401 expectationem

270 3435 407 3502 omnium
431 3433 588 3500 serenitati
609 3435 679 3498 tuae
702 3432 821 3512 accidit
844 3452 912 3498 eam
927 3433 1101 3499 molestiam
1124 3433 1329 3500 contraximus
1352 3453 1445 3518 qnam
1459 3435 1521 3500 hu-

270 3569 378 3617 manae
400 3548 625 3616 imbecillitatis
654 3547 800 3632 cogitatio
822 3551 853 3614 et
875 3550 1075 3633 nostre‘erge
1097 3551 1128 3614 to
1151 3551 1277 3632 putenm
1299 3549 1440 3615 voluntas
1463 3570 1520 3634 po-

271 3666 414 3744 stulabat,
436 3668 541 3731 tammo
556 3683 626 3730 cum
641 3663 681 3729 ad
695 3664 784 3728 illam
798 3681 902 3728 curam
918 3663 1056 3729 animum
1072 3665 1322 3744 converteremus,
1338 3683 1405 3730 esse
1420 3665 1521 3732 licum

270 3782 509 3866 omnipotentem
531 3779 752 3864 gubernantem
775 3779 886 3858 omnia,
909 3779 961 3862 qui
977 3798 1065 3863 scope
1080 3799 1116 3846 ea
1138 3799 1215 3865 qnae
1229 3781 1336 3864 gravia
1358 3782 1390 3846 et
1412 3799 1519 3865 aspero

269 3897 358 3962 nobis
373 3896 515 3962 videntur
536 3915 611 3973 osse,
634 3915 669 3959 er
684 3893 847 3960 altitudine
864 3894 912 3959 sui
933 3894 1047 3960 infiniti
1062 3895 1182 3962 consilii
1205 3895 1410 3981 adoptimum
1428 3897 1521 3964 tinem

270 4013 386 4097 dirigit
409 4012 480 4078 freti
502 4012 596 4077 otiam
619 4009 741 4094 ingenio
765 4011 796 4076 et
817 4009 978 4094 prudentia
1000 4013 1062 4089 tua,
1091 4031 1161 4077 cum
1184 4011 1389 4096 acquievimus
1418 4014 1521 4080 animo

268 4128 421 4193 voluntati
436 4127 550 4193 summi
564 4127 630 4206 Dei,
648 4127 716 4190 torm
732 4125 826 4191 etiarn
841 4124 880 4190 ed
895 4127 1111 4194 consolandum
1127 4131 1157 4193 te
1172 4130 1202 4193 et
1218 4128 1367 4212 optimam
1382 4131 1521 4196 nostram

268 4245 403 4310 mentem
424 4243 458 4308 in
479 4244 537 4309 hoc
558 4243 683 4308 advorso
698 4242 907 4324 temporetibi
921 4240 1133 4309 declarandam
1148 4244 1290 4310 misimus
1313 4265 1378 4311 ven.
1394 4246 1520 4313 tratrem

363 4491 380 4564 ¹)
400 4493 463 4555 Quae
475 4496 575 4554 sequiori
589 4493 723 4543 charactere
737 4496 848 4554 impressa
860 4497 923 4554 sunt,
942 4495 1080 4552 echinata
1094 4496 1203 4553 leguntur
1221 4498 1245 4544 ln
1258 4498 1349 4546 minute
1366 4499 1484 4556 ommuni.
