3364 5102
651 350 801 418 -335
847 386 891 396 -

146 570 212 614 rum
234 548 377 614 unionem
400 547 529 613 duorum
557 566 739 631 magnorum
767 545 967 612 luminarium
997 564 1157 630 veramque
1187 565 1293 630 paoem
1315 545 1396 612 iuter

146 665 328 731 christianos
358 662 510 746 principes
541 662 734 728 statuendam
769 662 920 744 pertinere
951 663 1122 727 noscuntur.
1174 662 1221 728 De
1250 663 1311 728 hiis
1343 681 1396 746 pro

147 779 256 862 quibus
279 800 302 843 r.
326 777 569 862 archiepiscopus
585 775 745 861 Capuanus
769 777 842 842 dum
865 776 915 842 hic
937 777 1019 841 esset
1041 796 1067 841 v.
1086 797 1108 842 s.
1133 778 1254 843 nominc
1279 776 1397 862 (prore

147 914 196 960 me
212 891 370 979 tangente)
387 892 525 959 Caesaris
548 895 683 958 mentem
708 895 860 958 scmtatus'
876 892 931 970 est
954 910 1011 976 ogo
1026 911 1079 975 pro
1103 893 1190 957 tanta
1205 893 1398 959 humanitate

146 1029 222 1094 quas
244 1010 361 1095 getiae
385 1010 524 1076 redieram
546 1027 606 1074 non
635 1009 731 1074 habeo
755 1008 887 1074 nisime
910 1009 1010 1073 totum
1033 1009 1086 1092 qui
1113 1009 1177 1074 iam
1201 1010 1300 1075 vestre
1324 1028 1396 1074 san-

146 1126 249 1191 ctitati
271 1125 410 1190 addictus
426 1145 494 1190 sum
521 1125 619 1190 eidem
634 1125 745 1189 iterum
769 1123 885 1189 dedam.
918 1121 977 1203 Qui
992 1125 1141 1207 quantum
1157 1125 1195 1190 ad
1210 1126 1397 1209 respublicas

146 1241 258 1308 attinet
280 1241 425 1307 facillime
449 1261 474 1304 v.
492 1259 515 1306 s.
540 1239 688 1306 desiderio
712 1239 926 1305 satisfacturus
950 1241 1016 1304 tum
1040 1258 1074 1305 eo
1097 1239 1178 1323 quod
1200 1237 1310 1306 Caesar
1332 1241 1398 1325 ipse

147 1359 255 1441 suapte
282 1358 390 1422 natura
413 1355 452 1422 ad
474 1355 507 1421 id
537 1355 579 1420 sit
607 1354 759 1439 proclivus
782 1355 974 1438 uestramque
1004 1355 1199 1420 sanctitatem
1227 1372 1289 1422 non
1313 1375 1397 1422 secus

147 1491 240 1555 quam
262 1474 349 1555 pater
370 1471 458 1550 colat,
481 1472 621 1537 observet
643 1490 678 1536 ac
694 1472 851 1536 veneretur
873 1489 928 1536 nec
950 1470 1067 1553 passim
1090 1471 1322 1555 obloquentibus
1345 1473 1399 1538 aut

147 1587 272 1653 sinistre
302 1586 573 1671 interpretantibus
603 1605 690 1652 aures
714 1587 845 1669 prebeat
876 1605 930 1652 nec
960 1605 1094 1670 unquam
1117 1587 1154 1651 dc
1184 1587 1300 1670 optima
1323 1608 1350 1654 v.
1374 1608 1397 1654 s.

147 1703 315 1769 intentione
338 1721 447 1786 anceps
476 1701 576 1780 fuerit,
606 1721 711 1785 pacem
742 1705 844 1767 autem
868 1701 947 1766 inter
976 1702 1159 1767 christianos
1190 1703 1341 1786 principes
1364 1705 1399 1769 ut

147 1837 233 1884 arma
256 1819 288 1884 in
311 1819 414 1884 hostes
437 1818 509 1884 fidei
537 1817 709 1902 dirigantur
738 1818 917 1900 heresesque
946 1817 1090 1899 extirpari
1116 1821 1241 1900 possent
1263 1818 1336 1885 adco
1360 1820 1398 1885 ab

147 1935 270 2000 ineunte
293 1936 373 1999 etate
387 1933 559 2017 concupivit
581 1934 808 2017 etlagitauitque
831 1951 866 1999 ac
880 1932 919 1998 ad
935 1951 1002 1998 eam
1018 1935 1104 1998 tanto
1128 1933 1228 1999 studio
1243 1935 1398 2000 anhelavit

147 2049 319 2133 totiensque
342 2068 395 2132 pro
410 2068 445 2114 ea
460 2067 563 2132 preces
586 2048 693 2113 effudit
707 2049 742 2112 ut
764 2049 863 2113 iustus
878 2048 932 2113 ille
954 2048 1051 2128 iudex,
1075 2049 1156 2114 Deus
1172 2049 1306 2132 optimus
1329 2068 1397 2115 ma·

147 2166 249 2231 ximus
272 2165 324 2248 qui
352 2165 510 2230 hominum
540 2164 630 2230 corda
654 2165 805 2228 scrutatur
828 2164 859 2228 et
881 2165 1008 2244 mentes,
1038 2166 1153 2229 rectem
1182 2165 1279 2248 ipsius
1302 2166 1400 2231 nostri

148 2279 287 2346 Caesaris
310 2282 446 2346 mentem
460 2280 633 2346 discernens
656 2279 829 2362 iustamque
851 2279 937 2345 illius
953 2297 1076 2344 causam
1100 2298 1292 2364 cognoscens,
1316 2279 1399 2346 viam

148 2415 239 2480 quam
263 2395 402 2461 homines
425 2395 497 2460 dare
520 2413 580 2460 non
602 2395 742 2477 poterant
765 2393 804 2458 ad
827 2413 932 2476 paoem
955 2394 1165 2460 facilitandam
1190 2395 1275 2480 (dum
1299 2397 1400 2482 magis

148 2511 185 2576 de
209 2529 244 2576 ea
268 2509 489 2594 desperaretur)
521 2511 693 2594 prestitisse
716 2509 906 2593 dignoscitur
928 2510 1030 2592 ipsum
1052 2511 1136 2593 pacis
1160 2512 1346 2577 turbatorem
1368 2512 1401 2578 in

148 2627 266 2711 pacifici
295 2629 480 2710 potestatem
509 2627 685 2712 redigendo,
716 2627 859 2710 illiusque
889 2625 1115 2692 validissimum
1145 2628 1308 2692 exercitum
1337 2627 1399 2693 imo

146 2742 264 2826 impetu
279 2743 362 2809 velut
377 2742 509 2827 fulguris
523 2743 588 2808 ictu
602 2742 815 2820 consumendo,
839 2757 898 2825 quo
914 2761 1038 2808 munere
1053 2741 1194 2808 domiuus
1210 2742 1275 2826 ipse
1291 2741 1400 2808 Caesar

146 2876 207 2923 non
230 2857 352 2942 quidem
384 2858 483 2924 elatus
515 2856 567 2923 sed
596 2857 697 2941 magis
720 2855 901 2922 humiliatus
935 2876 995 2922 non
1018 2857 1177 2922 uictoriam
1208 2859 1399 2942 sequendam,

147 2993 208 3039 non
230 2973 358 3039 ulterius
381 2973 414 3039 in
432 2972 634 3039 christianum
659 2972 839 3056 sanguinem
862 2973 1119 3050 debacchandum
1141 2989 1202 3038 non
1224 2973 1257 3039 in
1280 2974 1400 3041 hostem

146 3090 219 3156 licet
241 3089 316 3155 belli
331 3091 486 3154 auctorem
504 3089 637 3171 amplius
654 3087 849 3154 saeviendum
872 3089 998 3167 censuit,
1023 3089 1075 3154 sed
1093 3089 1194 3173 potius
1218 3107 1304 3156 arma
1326 3109 1399 3156 oon-

147 3205 281 3284 tuende,
305 3207 463 3288 iustasque
477 3203 561 3287 pacis
585 3203 774 3270 condiciones
790 3204 999 3288 proponendas
1023 3203 1163 3283 decrerit
1187 3205 1297 3289 quibus
1316 3206 1399 3271 cbri-

147 3321 248 3386 stiona
271 3320 462 3405 respubblica
485 3321 662 3402 perpetuam
686 3319 820 3404 quietem
843 3320 943 3385 valcat
965 3320 1109 3386 obtinere.
1153 3316 1309 3398 Quantum
1331 3341 1401 3389 vero

147 3436 257 3502 adres
280 3435 523 3519 measprivatas
552 3433 672 3512 attinet,
704 3434 731 3498 si
754 3455 780 3499 v.
805 3455 827 3500 s.
851 3453 1030 3519 cesareaque
1059 3434 1206 3501 maiestas
1229 3455 1279 3502 mo
1309 3437 1401 3503 alicui

147 3552 267 3617 muneri
296 3550 517 3634 accingendum
539 3551 728 3634 putentque
758 3549 923 3616 christiane
945 3551 990 3616 rei
1012 3550 1115 3616 videar
1137 3570 1226 3634 posse
1256 3552 1401 3637 prodesse

147 3681 208 3731 non
225 3666 369 3732 recusabo
391 3666 527 3732 laborem
543 3665 638 3730 otiam
662 3665 689 3732 si
712 3667 817 3730 contra
839 3665 1000 3750 antiquum
1022 3686 1126 3733 meum
1148 3667 1328 3734 institutum
1350 3689 1398 3735 res

147 3780 331 3846 decernatur.
378 3778 411 3845 si
441 3781 509 3864 quis
537 3781 640 3846 autom
669 3780 739 3846 inde
770 3781 885 3846 tructus
915 3782 1074 3847 emerserit
1103 3782 1247 3867 quicquid
1270 3803 1293 3848 s.
1316 3804 1343 3850 v.
1366 3785 1400 3850 in

147 3895 297 3960 humilem
326 3913 414 3960 suam
436 3895 515 3961 hanc
545 3897 714 3962 creaturam
737 3896 900 3961 contulerit
924 3916 1013 3962 suum
1043 3897 1109 3975 erit
1134 3897 1253 3982 sibique
1276 3899 1401 3982 metipsi

146 4009 312 4077 contulisse
336 4009 447 4076 sentiet
468 4012 558 4094 prout
580 4011 646 4095 ipse
669 4011 781 4078 nobilis
805 4009 929 4077 Carolus
953 4011 1088 4078 dazinus
1117 4013 1228 4078 barum
1250 4013 1400 4081 exhibitor

146 4127 238 4192 verbo
261 4125 370 4192 referet
392 4145 481 4208 quem
504 4125 611 4192 eadem
634 4146 656 4191 s.
682 4147 708 4192 v.
735 4126 826 4192 solita
850 4127 1039 4211 benignitate
1064 4127 1216 4211 suscipere
1238 4127 1401 4214 audireque

146 4241 326 4327 dignabitur
347 4241 403 4307 etc.

236 4356 378 4424 Maioreti
400 4355 455 4420 iiii.
479 4355 539 4422 luel.
563 4357 679 4441 Aprilis
703 4357 821 4424 mdxxv.
