3396 5090
702 355 744 370 -
787 322 857 387 are
902 355 946 368 -

196 514 330 582 Adriano
345 513 572 600 praedecessore
587 515 692 582 nostro
708 513 805 582 missa
820 514 927 593 inerat
943 513 1098 592 aurimus;
1113 533 1169 581 nos
1184 513 1247 580 iam
1262 512 1446 599 aliquotiens

195 631 309 711 hordei,
330 630 436 710 inuri,
458 630 592 715 pulveris
607 650 669 698 nou
684 630 867 698 mediocrem
889 649 1051 698 numeram
1066 630 1106 696 ad
1124 629 1341 697 sustentandas
1362 647 1447 698 areas

195 747 335 816 mono
357 746 516 824 misimns3
538 764 594 813 nos
615 747 722 814 urbem
745 745 881 814 Olissnnr
903 747 951 812 tis
974 765 993 812 a
1014 746 1122 813 iureis
1143 747 1300 813 obsessam
1322 747 1354 812 et
1372 764 1448 830 pone

195 866 326 948 captam,
348 863 453 931 nostro
474 863 551 929 item
573 862 622 928 lois
645 863 778 948 sumptu,
801 864 908 930 nostra
930 881 1002 929 eura
1024 861 1232 942 liberavimus,
1261 861 1446 948 utquisque

194 979 294 1047 ineis
316 977 491 1064 regionibus
508 978 581 1062 ‘opis
603 977 728 1064 indigus
751 980 807 1058 est,
836 978 882 1045 ita
904 978 943 1045 ad
965 996 1021 1045 nos
1044 997 1132 1063 opem
1159 977 1293 1063 petitum
1314 975 1447 1056 advenit,

194 1113 270 1180 quos
292 1113 348 1162 nos
370 1113 432 1162 nou
447 1093 578 1160 sinimus
600 1112 711 1161 vaouos
733 1095 799 1179 spei
814 1093 940 1180 opisque
962 1093 1123 1161 ‹lisoedom
1168 1093 1209 1160 lit
1227 1093 1302 1161 haee
1316 1091 1447 1160 iacimus

194 1210 279 1277 omni
306 1209 368 1295 ipsi
396 1228 467 1294 ope,
496 1210 639 1278 omnibus
665 1229 758 1295 prope
780 1209 982 1294 vectigalibus
1011 1209 1160 1276 destituti
1206 1209 1313 1276 Viuoit
1342 1211 1446 1276 iernen

192 1327 335 1393 voluntas
357 1324 580 1410 impotentiam,
602 1327 636 1393 ot
656 1325 728 1393 fidei
750 1344 785 1392 ee
808 1325 969 1392 eharitatis
992 1324 1093 1392 surio
1119 1325 1317 1392 difficultates
1339 1344 1445 1392 omues

194 1443 382 1527 superantur.
427 1438 605 1522 Quaestum
627 1459 646 1507 a
667 1440 756 1508 nobis
778 1440 856 1508 fiant
878 1459 1000 1508 summa
1022 1442 1158 1526 mostata
1180 1439 1343 1525 oppressis,
1371 1440 1446 1526 quiri

193 1559 266 1623 ato
288 1554 506 1642 expectandum
535 1558 583 1624 ast
611 1555 659 1622 fili
688 1556 884 1637 charissimo,
920 1556 954 1622 in
991 1575 1082 1641 quem
1111 1556 1212 1623 omnis
1241 1555 1357 1622 summi
1382 1555 1446 1622 -Dei

193 1672 393 1741 beneficentia
414 1673 481 1739 iarn
502 1673 587 1758 large
615 1677 647 1739 et
669 1672 858 1740 abundanter
880 1671 976 1738 oliuae
998 1674 1069 1738 est?
1114 1671 1220 1758 Neque
1242 1690 1298 1740 nos
1320 1673 1352 1738 te
1375 1689 1443 1738 mo-

193 1808 301 1856 nemus
324 1788 418 1855 offioii
439 1789 471 1855 et
492 1788 597 1868 debit,
623 1788 657 1855 in
678 1788 724 1856 eis
746 1788 922 1874 regionibus
944 1788 1035 1856 osleri
1057 1791 1089 1856 ot
1111 1791 1278 1874 opportuno
1301 1788 1445 1874 pecuniae

193 1903 329 1972 subudro
352 1903 541 1985 adlevandis,
570 1924 629 1990 quo
650 1905 715 1972 iam
739 1906 879 1990 suscepto
900 1905 1039 1972 onerist
1060 1904 1215 1989 impendio
1238 1903 1443 1988 nosmetipsos

105 2033 107 2037 ·
192 2019 406 2098 saturemus,
428 2023 589 2106 partesque
611 2020 705 2088 etium
728 2021 849 2088 nostae
871 2020 904 2087 in
926 2022 958 2086 te
972 2021 1201 2088 transferamus.
1247 2018 1307 2088 Sed
1329 2021 1365 2087 ut
1386 2038 1443 2088 no·

192 2135 634 2206 biaoumnnaarlleronolam
662 2155 752 2222 openr
779 2137 997 2223 illirsguote
1026 2135 1445 2222 aoeingaoinlronorsmet

193 2253 324 2320 salutem
348 2252 594 2332 ohrietianiiatis,
616 2252 703 2320 ouius
726 2253 786 2320 tibi
798 2253 1004 2334 ineolumitas,
1026 2271 1120 2338 prope
1134 2271 1230 2337 aequa
1251 2271 1288 2318 ex
1309 2253 1397 2337 purte
1410 2270 1447 2318 ae

191 2367 280 2436 nobie
302 2368 515 2436 oommendata
536 2369 592 2436 eso
638 2366 723 2450 Quae
745 2368 773 2435 si
793 2369 850 2436 illa
864 2368 981 2454 inelyte
1002 2368 1126 2436 untione
1141 2367 1265 2446 amissa,
1288 2385 1398 2436 manoe
1415 2368 1446 2434 ot

190 2483 302 2551 mutila
316 2483 398 2550 mota
411 2483 513 2564 tuerit,
536 2483 763 2570 deformaloqao
778 2502 908 2570 eorpors,
923 2484 1004 2552 hane
1018 2483 1112 2551 etiam
1127 2485 1233 2551 notem
1249 2484 1320 2550 tuno
1334 2481 1446 2550 aare

191 2599 291 2666 sooulo
313 2599 468 2679 inusserit
491 2601 526 2666 ut
548 2601 579 2666 ie
602 2619 697 2686 usque
719 2599 794 2668 ateo
815 2600 942 2668 florente
964 2601 996 2667 st
1013 2600 1228 2686 praepollente
1251 2598 1443 2668 immanissi-

192 2714 254 2782 mis
276 2717 382 2782 iemen
403 2715 543 2782 hostibus
558 2715 679 2801 prodita
701 2717 733 2784 ot
754 2716 874 2783 abieoto
888 2715 984 2782 fuisse
1006 2715 1153 2782 rideatur.
1198 2711 1443 2801 quaequae

193 2849 300 2898 snmus
321 2849 394 2917 opos
416 2833 496 2910 tuae,
525 2830 599 2916 quid
621 2831 793 2916 imperinm
822 2831 896 2918 quid
919 2830 1063 2899 uiolariue
1090 2831 1229 2916 insignes
1258 2829 1446 2898 adiuvabant

193 2945 232 3012 ed
254 2945 430 3014 diluendum
453 2947 606 3014 maculam
628 2946 763 3014 nominis
786 2946 855 3014 tui?
898 2945 998 3028 Quem
1020 2945 1060 3014 ed
1081 2947 1183 3014 Deum
1205 2945 1445 3032 omnipotentem

192 3079 317 3130 oausam
331 3061 468 3130 dieturus
482 3067 538 3130 ssi
561 3063 642 3148 apud
656 3083 747 3149 quem
762 3065 843 3132 esrie
859 3063 986 3131 dioenia
1000 3065 1057 3143 ost,
1072 3061 1193 3149 quanio
1207 3063 1325 3130 oostera
1342 3061 1446 3130 omnia

193 3178 305 3246 eune
326 3179 359 3246 ei
379 3178 542 3246 interitura
565 3180 646 3259 sune
669 3197 746 3263 opus
768 3179 928 3265 religionis
950 3181 982 3248 et
1003 3179 1129 3266 pietatis
1152 3179 1252 3246 solnm
1274 3178 1323 3244 est
1344 3179 1444 3244 astor-

192 3313 275 3364 nurn.
321 3292 382 3361 Sei
403 3293 479 3361 taso
501 3296 576 3380 agat
597 3295 681 3362 idem
702 3295 757 3362 illo
779 3295 973 3381 omnipotens
995 3296 1088 3375 Deus
1117 3297 1153 3361 ut
1173 3295 1265 3380 lenge
1288 3293 1352 3360 sint
1373 3293 1445 3362 ate

192 3411 284 3495 atque
304 3410 345 3478 ab
367 3395 468 3479 aetate
489 3412 603 3488 nostru,
632 3412 727 3497 tuque
748 3411 851 3496 potius
874 3429 952 3497 quaa
980 3409 1185 3478 mriotissimo
1214 3428 1285 3496 rege
1307 3409 1339 3478 st
1360 3407 1444 3478 olori-

192 3525 383 3594 st'nnissimo
397 3525 525 3594 Caesare
547 3525 641 3612 tgna
657 3528 738 3606 sunt
760 3527 887 3613 agenda
908 3527 1052 3613 parmis,
1074 3526 1273 3612 navandaqus
1287 3525 1445 3610 suseipias,

192 3641 293 3726 Atque
315 3642 436 3710 utinam
465 3660 539 3726 paee
560 3641 642 3709 inter
662 3643 694 3709 to
723 3661 887 3729 regemque
914 3643 1100 3710 horreorum
1128 3640 1298 3720 oomiliate,
1325 3640 1364 3708 do
1385 3659 1446 3725 qua

192 3773 328 3823 rumores
349 3758 497 3824 venerant
526 3757 603 3824 selis
631 3759 817 3837 eonstantes,
845 3758 891 3824 itu
912 3759 1080 3843 opportuno
1101 3759 1247 3841 tompore,
1275 3758 1311 3824 ut
1331 3755 1445 3824 innotis

192 3871 286 3940 simul
307 3873 389 3939 tenti
411 3872 484 3940 boni
505 3873 639 3959 malique
662 3873 792 3954 nonum,
816 3873 844 3940 si
865 3873 955 3941 moto
976 3893 1036 3959 par
1049 3873 1118 3958 ipsa
1140 3891 1212 3940 rere
1232 3873 1289 3952 est,
1312 3873 1344 3939 et
1363 3872 1443 3948 iram

193 3987 286 4055 simul
308 3989 340 4055 st
361 3987 602 4056 miseriooriiam
624 3989 681 4057 Dei
711 3989 897 4057 immortalis
919 4009 1025 4058 omnes
1054 3989 1284 4057 admiraremur.
1329 3987 1445 4056 Verum

193 4121 270 4187 qnae
298 4103 370 4171 huie
398 4104 532 4189 perieulo
554 4107 586 4172 et
607 4105 794 4191 propinquae
823 4105 997 4174 salamiteti
1023 4105 1247 4192 propulsandae
1274 4103 1446 4172 nsosssuia

192 4220 274 4298 suut,
295 4221 332 4286 ut
346 4219 494 4286 serenitas
516 4221 571 4287 tua
585 4223 617 4288 et
632 4220 691 4288 Dei
713 4220 849 4288 seneen
867 4223 900 4288 ot
921 4220 1018 4289 debiti
1031 4221 1081 4288 sui
1102 4223 1135 4288 st
1148 4221 1265 4306 patriae
1287 4219 1445 4306 avitusque

192 4331 1118 4421 ‹litionissuaooaumsteuimiusluiahuioporieolo
1146 4335 1444 4416 linitimamexime,

192 4451 339 4530 aomrote,
361 4453 481 4518 matum
503 4450 609 4536 pioque
626 4451 749 4537 cogitet,
771 4454 862 4536 atque
877 4451 998 4531 efficiat,
1021 4452 1109 4518 illam
1129 4451 1163 4518 in
1178 4451 1309 4517 Domim
1331 4450 1443 4517 adhor-
