3400 5088
683 345 930 411 -113-

180 546 348 616 Antonium
370 545 544 631 opisoopum
566 543 784 610 Pistoriensem
813 541 965 625 prelatum
987 539 1125 606 nostmm
1147 535 1357 622 domesticum,
1380 542 1433 625 qui

182 665 212 730 61
234 663 369 730 dolorem
390 661 529 727 nostmm
559 679 594 726 er
616 661 669 725 tuo
691 677 764 724 6666
786 658 817 723 61
840 675 926 740 spem
948 674 1015 721 eam
1039 673 1131 739 quam
1159 654 1340 722 haberemus
1364 677 1430 724 me·

183 779 293 846 liomm
316 797 418 844 rerum
432 777 492 842 tibi
514 776 688 860 exponeret3
711 771 891 840 oonfidimus
908 771 990 838 enim
1005 770 1137 837 Domino
1151 771 1216 838 Deo
1238 773 1291 857 qui
1312 773 1434 857 propter

183 914 330 980 magnam
360 912 447 959 suam
476 893 623 976 pietatem
646 891 677 955 61
706 886 955 966 misericordiam,
986 887 1014 951 si
1036 887 1074 951 ad
1097 887 1161 952 eius
1191 906 1279 972 opem
1309 889 1435 973 supplex

184 1009 356 1095 confugeris
379 1008 502 1092 uimque
523 1006 608 1072 illius
630 1009 661 1072 et
690 1005 874 1090 potestatem
903 1003 996 1068 fueris
1019 1002 1206 1086 deprecatus,
1229 1003 1309 1086 quod
1331 1005 1436 1070 temen

185 1131 215 1194 16
230 1145 284 1210 pro
300 1127 354 1191 tua
367 1122 511 1208 religiosa
534 1123 689 1188 voluntate
703 1121 802 1187 faeere
824 1139 887 1186 non
908 1118 1093 1198 dubitamus,
1116 1121 1147 1183 te
1162 1119 1196 1184 16
1217 1120 1437 1204 prosperiorem

186 1245 302 1308 statum
325 1239 522 1306 restituturus
545 1238 610 1304 erit.
663 1238 709 1303 De
731 1237 798 1321 ipso
821 1253 937 1320 quoque
960 1251 1054 1300 ser.mo
1077 1235 1204 1302 Caesare
1228 1255 1314 1318 spem
1336 1236 1435 1302 mari-

187 1377 273 1424 mam
295 1357 452 1436 babemus,
475 1355 561 1420 66166
584 1333 705 1420 boriiias
721 1355 768 1419 661
790 1351 878 1418 nobis
901 1351 1023 1436 cognita
1045 1353 1076 1416 61
1099 1351 1260 1417 elementia
1282 1352 1439 1436 perspecta

188 1473 268 1558 quod
288 1471 318 1538 is
341 1471 467 1539 viatoria
491 1471 552 1536 sibi
573 1489 592 1535 a
614 1471 678 1536 Deo
701 1468 803 1535 delata
825 1469 992 1552 temperate
1015 1470 1046 1532 et
1074 1466 1226 1550 sapienter
1248 1487 1358 1536 usurus
1381 1469 1440 1534 erit

187 1591 431 1673 tractatumque
447 1586 642 1654 serenitatem
664 1587 751 1651 tuam
766 1585 912 1668 tanquam
926 1602 1030 1668 regem
1052 1582 1259 1650 clarissimum
1273 1603 1335 1650 non
1357 1585 1441 1650 velut

190 1705 319 1771 hostem.
364 1704 403 1770 In
424 1703 475 1768 his
504 1701 627 1787 quidem
657 1701 807 1779 omnibus,
832 1701 881 1766 vel
903 1700 930 1766 si
953 1719 1010 1784 que
1040 1699 1102 1764 alia
1130 1699 1244 1766 fuerint
1272 1719 1349 1786 quae
1378 1701 1442 1766 6161

190 1822 312 1888 nostrae
327 1819 494 1899 1666116116,
517 1819 589 1903 apta
604 1817 644 1882 ad
658 1816 858 1883 minuendum
873 1835 908 1882 ao
924 1816 1087 1882 leuandum
1101 1835 1208 1882 oasum
1223 1818 1319 1898 tuum,
1342 1837 1440 1902 quan-

190 1939 259 2002 tum
281 1955 350 2003 oum
372 1936 437 2002 Deo
460 1937 491 2001 et
519 1934 639 2000 iustitia
668 1933 773 1999 lioebit
802 1950 862 1998 non
886 1951 992 1998 sumus
1022 1933 1085 1999 ullo
1108 1934 1244 2017 tempore
1267 1937 1345 2001 ser.ti
1371 1937 1441 2000 tuae

191 2051 333 2132 defuturi,
355 2051 640 2136 interponemusque
662 2051 764 2134 pmtes
787 2050 907 2115 nostras
930 2048 1011 2132 apud
1032 2049 1135 2132 ipsum
1152 2047 1320 2132 Caesarem
1342 2052 1378 2117 ut
1401 2052 1443 2118 611

191 2168 227 2234 16
247 2166 385 2233 16111166
414 2168 556 2233 voluntas
584 2166 739 2250 plaoatior‚
768 2166 858 2249 atque
888 2184 923 2231 ea
952 2164 1081 2248 denique
1109 2185 1236 2250 agemus
1266 2165 1370 2232 omnia
1391 2188 1444 2252 per

193 2303 269 2369 quae
292 2285 435 2368 appareat
458 2301 513 2348 nos
536 2283 567 2347 et
589 2281 702 2346 amoris
725 2280 822 2346 nostri
844 2280 969 2364 pristini
991 2300 1064 2365 erga
1086 2284 1116 2346 te
1140 2301 1289 2349 memores
1312 2303 1387 2365 osse,
1410 2286 1442 2350 et

194 2399 233 2464 ad
262 2397 501 2465 misericordiam
529 2416 675 2482 opemque
704 2395 900 2479 praetendam
928 2395 1138 2480 indigentibus
1168 2417 1340 2483 propensos.
1395 2401 1442 2467 De

195 2515 305 2599 pinibus
328 2515 471 2600 quoniam
494 2513 593 2580 dietus
615 2512 768 2578 Antonius
790 2511 947 2597 episeopus
971 2512 1167 2578 Pistoriensis
1181 2515 1276 2581 lelius
1298 2515 1392 2583 habet
1413 2516 1448 2582 in

196 2628 360 2710 mandetis,
382 2650 452 2696 eum
476 2629 622 2695 serenitas
645 2631 699 2694 tua
721 2629 837 2694 attente
864 2627 967 2694 661161
989 2628 1141 2714 fidemque
1161 2630 1210 2695 illi
1231 2631 1392 2697 indubiam
1413 2632 1447 2698 in

197 2746 314 2812 cunetis
344 2745 508 2811 adhibebit
553 2745 669 2810 Datum
698 2745 813 2810 Romae
836 2746 891 2810 616.
921 2743 970 2810 die
992 2745 1042 2811 xii.
1066 2743 1172 2810 Martii
1193 2747 1312 2813 mdxxv.
1357 2747 1447 2814 Anno

201 2859 339 2927 seeundo.

804 3121 855 3187 82.

723 3286 935 3358 Vlceregl.

294 3440 412 3508 Dileote
434 3439 489 3505 lili
533 3439 589 3504 Bis
617 3438 681 3505 iem
703 3439 742 3505 61
771 3439 965 3506 nobilitatem
994 3442 1080 3506 tuum
1110 3442 1288 3526 seripsimus
1311 3443 1380 3510 tum
1401 3464 1451 3510 re-

207 3555 388 3642 spondentes
402 3554 516 3621 litteris
531 3555 603 3634 1616,
625 3556 693 3620 tum
708 3555 921 3622 admirabilem
935 3556 1014 3621 hano
1029 3558 1284 3643 exoellentemque
1297 3559 1458 3626 victoriam

207 3675 239 3739 61
260 3671 320 3738 tibi
340 3673 372 3738 et
394 3669 588 3738 serenissimo
611 3669 733 3737 Caesari
755 3671 960 3756 gratulantem
990 3691 1118 3756 quarum
1147 3674 1321 3740 litterarum
1342 3675 1459 3759 primas

209 3787 465 3854 molestissimum
487 3786 546 3852 fuit
568 3787 656 3853 nobis
679 3786 719 3852 ad
740 3789 771 3854 te
794 3787 911 3853 delatas
935 3788 1042 3854 statim
1064 3808 1126 3855 non
1148 3789 1257 3867 161666;
1281 3809 1354 3856 raso
1376 3791 1459 3858 enim

210 3903 343 3989 quodam
356 3903 527 3987 reportatae
549 3903 582 3968 in
597 3903 702 3968 urbem
725 3902 822 3970 16666
844 3905 911 3968 tum
927 3903 966 3969 ad
987 3907 1019 3970 16
1040 3925 1094 3989 per
1109 3905 1162 3970 dil.
1178 3905 1220 3971 lil.
1237 3906 1460 3976 Bomardinum

212 4017 427 4084 Castellarium
449 4018 579 4084 oleatum
595 4015 789 4086 Casalensem
806 4019 951 4085 nunoium
973 4021 1113 4086 nostmm
1131 4021 1278 4088 remissae
1301 4024 1387 4099 sunt3
1411 4025 1460 4088 et·

212 4153 271 4218 que
292 4134 326 4200 in
349 4134 498 4199 ambabus
519 4134 585 4200 illis
602 4135 721 4218 praeter
743 4135 981 4220 gratulationem
995 4134 1055 4200 1611
1077 4135 1172 4201 etiam
1196 4136 1380 4222 significatio
1402 4158 1463 4206 non

214 4268 307 4334 parua
321 4251 442 4316 nostrae
458 4249 625 4316 voluntatis
640 4269 700 4334 qua
712 4251 774 4335 ipsi
784 4249 906 4315 Caesari
920 4251 1044 4316 omnino
1059 4250 1212 4318 eoniunoli
1227 4272 1294 4320 esse
1309 4255 1465 4332 volumem

216 4384 401 4451 quamquam
423 4384 484 4432 non
506 4364 565 4431 erit
587 4384 665 4432 nova
687 4366 792 4432 nostra
814 4365 993 4446 coniunctio,
1016 4387 1086 4434 oum
1109 4369 1215 4434 tantus
1238 4389 1357 4455 semper
1379 4389 1464 4437 amor

217 4481 296 4548 inter
319 4499 374 4548 nos
397 4482 428 4547 et
450 4481 541 4547 illum
562 4482 775 4561 intercesserit,
800 4481 852 4548 sod
882 4483 916 4548 61
939 4485 1083 4569 perpetuo
1108 4483 1206 4552 ledere
1228 4487 1411 4569 copulemur,
1434 4486 1467 4552 id

273 4607 373 4654 6666666
388 4607 494 4644 ormano·
509 4607 556 4650 vu.
1289 4596 1308 4660 8
