3380 5088
726 319 971 396 ——275-

811 551 885 620 205.

472 713 672 795 Episcopus
694 718 928 790 Lingonensls
950 714 1124 776 Clementi
1147 715 1220 776 vll.

644 826 753 912 (Epist.
768 826 894 910 princip.
911 825 967 892 ΠΙ.
986 823 1051 912 19).

703 941 769 1030 (11.
784 943 871 1009 Febr.
890 941 999 1026 1524).

311 1101 513 1172 Sanctissiuro
534 1102 657 1170 dominc
679 1104 784 1172 norbo
798 1121 875 1188 pape
890 1101 1042 1170 Clementi
1057 1103 1127 1172 VII.
1151 1102 1258 1170 devote
1275 1102 1474 1170 subiectionis

223 1219 410 1304 obsequium.

312 1334 431 1402 Literas
453 1335 505 1400 tue
520 1334 695 1402 sanctitatis
710 1334 888 1401 beatissime
905 1335 993 1419 pater
1006 1333 1140 1400 reddidit
1161 1335 1250 1402 nobis
1273 1334 1366 1402 dator
1379 1335 1474 1402 Pera·

225 1451 333 1536 grinus
355 1448 393 1518 de
413 1447 625 1536 Vernandoys
648 1449 764 1516 ordinis
787 1450 886 1516 sancti
901 1449 1060 1517 Benedicti
1082 1451 1188 1534 plenas
1210 1451 1335 1535 paterne
1359 1450 1475 1518 ecdici·

225 1566 342 1634 tudinis
364 1569 397 1633 et
418 1565 584 1634 christiane
606 1566 760 1651 puritatis.
804 1566 892 1632 Facit
913 1566 1010 1652 igitar
1031 1567 1225 1634 observantia
1246 1567 1279 1635 in
1301 1568 1333 1633 te
1355 1585 1424 1634 mea
1447 1567 1478 1632 et

226 1682 334 1767 pietas,
356 1683 392 1748 ut
413 1682 468 1750 nbi
489 1683 552 1750 tuis
574 1681 803 1767 obtemperandi
826 1681 962 1748 consiliis
979 1701 1045 1748 sese
1060 1682 1205 1750 obtulerit
1226 1682 1352 1763 occasio,
1372 1701 1478 1767 prom·

227 1799 299 1883 ptus
321 1800 354 1865 et
375 1799 475 1866 alsam
497 1817 587 1866 omne
609 1817 712 1866 meum
742 1799 803 1865 sim
824 1798 1009 1883 praediturus
1032 1797 1176 1866 officium.
1222 1795 1315 1885 Spero
1337 1798 1478 1884 equidem

228 1913 386 1982 aurnum
414 1915 573 1982 romaum
601 1915 736 2000 quiriti
759 1897 830 1982 saar
857 1915 939 1982 vrrs
967 1913 1116 2000 gerendas
1144 1915 1178 1979 in
1200 1915 1291 1982 ane
1320 1914 1413 1995 aaut
1441 1914 1482 1981 aa

230 2032 361 2098 aarum
383 2031 478 2126 tatius
501 2030 592 2112 orbis,
622 2033 653 2098 et
676 2031 735 2097 Dei
762 2031 895 2116 gloriam
917 2031 1104 2098 directurum
1127 2033 1196 2098 tuos
1218 2049 1324 2100 omnes
1345 2033 1481 2112 conatus,

230 2150 320 2232 atque
349 2147 444 2213 etiarn
474 2147 615 2214 fidelibus
638 2147 719 2214 votis
749 2165 963 2230 responsurum
1021 2144 1160 2226 Quodsi
1188 2147 1273 2214 bisce
1294 2147 1482 2233 temporibus

231 2263 422 2346 usqueadeo
444 2263 623 2329 turbulenta
647 2262 710 2328 sint
724 2262 836 2340 omnia,
860 2260 1041 2328 confidimus
1065 2263 1169 2329 tamen
1192 2262 1278 2348 (quia
1296 2265 1350 2328 tua
1371 2262 1484 2348 ubique

230 2380 381 2445 terrarum
404 2376 576 2461 predicatur
599 2379 706 2458 virtus,
729 2379 761 2444 et
782 2378 832 2443 est
853 2377 1020 2462 singularis
1042 2377 1245 2464 providentia)
1277 2397 1367 2446 omne
1388 2377 1483 2444 dissi·

230 2495 315 2560 diurn
339 2495 383 2560 sic
404 2512 576 2578 componas,
606 2513 642 2560 ac
664 2512 788 2578 prorsus
811 2493 1019 2560 calamitatem
1048 2512 1177 2578 repares,
1206 2495 1242 2559 ut
1263 2493 1388 2561 tandem
1410 2492 1482 2560 fidei

229 2629 310 2695 pace,
334 2612 366 2676 et
379 2611 470 2677 rebus
485 2610 629 2678 humanis
653 2609 817 2677 serenitate
838 2608 971 2689 reducta
994 2608 1053 2674 toti
1067 2608 1180 2676 mundo
1203 2609 1324 2676 iuturus
1340 2609 1383 2676 sis
1398 2609 1480 2692 cpti-

230 2745 299 2792 mus
316 2728 458 2794 servator.
496 2724 668 2806 Precamur‚
691 2727 726 2792 ut
740 2725 820 2792 hanc
841 2725 927 2792 tuam
944 2725 1139 2792 sanctitatem
1154 2724 1207 2791 diu
1222 2725 1311 2792 nobis
1326 2727 1482 2792 conservet

231 2839 371 2908 Christus
400 2839 501 2908 Jesus.
546 2839 590 2907 lix
612 2840 801 2925 Lingonibus
831 2841 923 2907 tercio
952 2841 1022 2906 idus
1044 2840 1210 2907 Februarii
1254 2841 1343 2907 Anno
1372 2840 1482 2907 salutis

231 2957 382 3024 humanae
404 2956 548 3023 vicesimo
570 2959 678 3042 quarto
701 2975 793 3041 supra
816 2956 1130 3041 sesquimillesimum

884 3073 918 3140 Ε.
941 3093 969 3140 a.
993 3093 1016 3139 s.
1039 3071 1122 3138 filius
1144 3072 1437 3158 obsequentissimus

1003 3187 1114 3254 Micael
1134 3187 1317 3274 bigorrensis

1087 3303 1253 3388 epiecopus.

821 3565 896 3630 206.

605 3729 756 3790 Carolus
779 3729 820 3789 v.
841 3728 1013 3789 Clementi
1036 3729 1110 3790 Vll.

683 3839 769 3926 (arat
785 3839 878 3924 princ.
895 3839 935 3905 11.
954 3838 1041 3926 172).

713 3954 757 4042 (7,
773 3953 880 4020 Martii
896 3954 1006 4042 1524).

322 4115 506 4184 Beatissimo
528 4118 622 4201 pater,
645 4116 766 4183 domine
796 4116 1054 4184 reverendissime.
1083 4114 1166 4200 Quae
1189 4117 1354 4186 acciderint
1375 4119 1407 4185 in
1429 4137 1482 4186 ex-

233 4233 418 4320 pugnatione
433 4232 539 4298 ibntis
554 4233 675 4313 Rabirii,
697 4251 733 4300 ea
748 4232 841 4300 ctiam
863 4233 977 4299 litteris
992 4234 1105 4300 nostris
1121 4233 1273 4302 voluimus
1296 4236 1395 4302 vestre
1410 4253 1482 4302 san-

233 4348 336 4418 ctitati
358 4349 431 4416 nota
453 4366 534 4428 csse3
556 4367 618 4415 non
631 4367 724 4434 quare
745 4350 834 4416 tanta
847 4347 897 4416 ree
920 4349 970 4432 sit,
993 4351 1047 4416 aut
1061 4353 1126 4416 tarn
1141 4350 1249 4436 magni
1270 4351 1427 4432 momenti,
1449 4353 1485 4417 ut

233 4465 320 4534 uobis
342 4466 705 4552 proptamamagnopere
727 4465 922 4552 gloriandum
945 4459 1134 4548 extimemus,
1164 4464 1217 4534 sed
1239 4465 1319 4552 qnod
1341 4466 1374 4533 id
1394 4467 1483 4552 oppi-

1266 4573 1324 4642 18*
