3346 5084
660 388 906 459 ...479-

154 587 194 656 ab
217 585 359 656 omnibus
382 584 563 675 diligentius
584 587 761 655 observetur
784 588 888 674 sigillo
910 587 1014 653 nostro
1032 587 1189 670 presentes
1211 585 1317 651 literae
1341 587 1407 652 sta·

154 705 272 771 tuimus
294 705 435 784 reborari,
463 705 533 782 acta
556 704 628 770 sunt
649 705 724 770 haec
752 704 914 770 &vennae
936 702 969 768 in
995 701 1132 786 plenaria
1154 701 1260 769 sinodo
1282 703 1315 769 in
1337 721 1406 769 ma·

155 821 230 888 trice
253 821 388 901 ecclesia,
411 837 488 905 quse
510 819 623 886 dicitur
637 819 724 905 agiae
738 819 923 886 Anastaseoa
946 836 1025 885 anno
1045 817 1166 885 divinae
1187 818 1408 887 incarnationis

156 937 323 1020 millesimo
352 936 560 1020 octuagesimo
597 936 689 1003 tertio
718 935 889 1019 imperante
920 933 1052 1001 Henrico
1080 934 1172 1001 tortio
1201 936 1408 1002 Romanorum

155 1053 286 1136 augusto
319 1070 399 1118 anno
427 1051 549 1136 imperii
578 1053 644 1118 eius
674 1051 805 1118 secundo
840 1049 1007 1117 indictione
1040 1049 1116 1116 viiii.
1146 1051 1238 1117 tertio
1267 1051 1408 1117 colendas

156 1167 263 1234 Martii
284 1168 316 1234 et
338 1167 584 1251 subscripserunt
611 1167 663 1250 qui
685 1168 841 1251 presentes
863 1167 951 1234 erant
972 1167 1107 1250 episcopi
1131 1184 1259 1250 quorum
1282 1165 1407 1232 nomina

157 1283 265 1348 subtus
288 1301 403 1348 annexa
426 1283 506 1348 sunt

245 1397 402 1464 Rolandus
424 1396 620 1463 Terrisianus
642 1396 801 1482 episcopus
824 1397 879 1464 etc.
902 1396 1031 1462 laudans
1053 1397 1086 1462 et
1108 1396 1312 1464 corroborans.

245 1512 334 1579 Millo
357 1512 520 1578 Padnanus
543 1512 701 1612 episcopus
722 1511 851 1580 laudens
878 1513 934 1579 etc.
957 1512 1116 1580 Hecilinus
1138 1511 1319 1578 Vicentinus
1340 1507 1410 1595 epi·

159 1647 268 1712 scopus
290 1627 418 1694 laudens
442 1629 474 1695 et
495 1629 699 1694 corroborans.

247 1859 399 1926 Honorius
422 1860 581 1944 episcopus
604 1877 708 1926 servus
731 1879 887 1928 servorum
902 1860 961 1927 Dei
983 1857 1149 1928 renembili
1170 1858 1258 1924 fratri
1274 1856 1409 1924 Simeoni

159 1975 384 2059 archiepiscopo
406 1975 633 2044 Ravennatensi
655 1976 850 2060 eiusdemque
880 1975 1104 2043 successoribus
1126 1975 1267 2042 canonice
1291 1973 1408 2040 subab-

159 2089 281 2156 tuendis
303 2090 337 2156 iu
358 2091 545 2175 perpetuum.
583 2091 653 2158 Etsi
677 2091 829 2158 universis
851 2093 974 2158 eundae
993 2091 1139 2158 ecclesiae
1161 2091 1236 2156 liliis
1258 2089 1411 2156 debitores

158 2226 194 2272 er
216 2207 326 2273 collato
341 2206 429 2273 nobis
445 2207 484 2272 ab
507 2225 541 2272 eo
556 2206 746 2290 apostolatus
760 2205 860 2273 officio
882 2208 1050 2274 susumus
1064 2207 1130 2273 illis
1144 2207 1249 2273 tamur
1271 2203 1410 2290 personia

159 2322 190 2387 et
212 2322 287 2387 locis
309 2321 465 2406 providere
487 2339 543 2388 nos
565 2321 707 2390 convenit
720 2321 914 2408 diligentiore
937 2323 1143 2390 sollicitudine
1166 2341 1202 2388 ac
1223 2319 1411 2406 propensiori

159 2437 261 2503 studio
282 2437 421 2503 canatis
443 2455 521 2521 qnae
543 2435 582 2501 ad
605 2435 715 2504 Sedem
738 2437 938 2523 apostolicum
965 2439 1132 2506 noscuntur
1155 2437 1317 2523 specialim
1338 2453 1409 2520 per·

157 2553 264 2620 tinere.
308 2549 456 2631 Quocirca
478 2552 661 2618 venerabilis
684 2555 717 2619 in
732 2553 855 2622 Christo
877 2555 972 2621 frater
986 2554 1211 2638 archiepiscope
1233 2553 1296 2619 tuis
1318 2551 1410 2618 iustis

159 2669 416 2753 postulationibus
437 2667 602 2735 clementer
623 2671 788 2735 annuimus
809 2671 842 2736 et
863 2670 998 2737 nobilem
1021 2687 1057 2736 oc
1078 2670 1229 2736 famosam
1245 2669 1409 2734 Ravenna-

158 2786 278 2854 tensem
299 2783 458 2852 ecclesiam
480 2785 530 2850 cui
552 2785 673 2851 euctme
687 2785 820 2852 Domino
842 2803 965 2870 preesse
986 2784 1174 2871 &gnoseos
1196 2783 1236 2850 ad
1257 2782 1411 2868 exemplar

158 2900 257 2967 felicis
272 2899 499 2967 recordiationis
509 2899 629 2981 Galixti,
645 2898 794 2986 Gregorii
804 2899 939 2982 Honorii,
950 2899 1076 2982 Gelasii,
1086 2900 1215 2968 Honorii
1228 2899 1322 2980 tertii,
1331 2895 1410 2964 Gre-

158 3015 238 3102 gorii
260 3017 341 3097 noni,
363 3019 394 3082 et
416 3016 582 3082 Alexandri
611 3016 714 3100 quarti
740 3015 986 3102 predecessorum
1008 3019 1182 3085 nostrorum
1203 3017 1411 3082 Rornanorum

159 3132 337 3216 pontificum
354 3133 409 3198 sub
425 3132 508 3199 beati
522 3132 616 3213 Petri,
638 3134 670 3199 et
689 3133 795 3200 nostra
815 3134 1002 3217 protectione
1017 3132 1201 3217 suscipimus
1216 3132 1248 3198 et
1262 3127 1411 3215 presentis

160 3247 267 3332 scripti
287 3247 449 3332 privilegio
471 3247 673 3329 comunimus,
704 3249 873 3316 statuentes
902 3250 938 3315 ut
960 3267 1165 3335 quascumque
1195 3242 1413 3332 possessiones,

159 3381 364 3448 quaecumque
393 3365 472 3430 bona
501 3361 607 3430 eadem
637 3364 765 3431 ecclesia
793 3365 827 3431 iu
855 3365 1077 3450 presentiarum
1106 3364 1186 3431 iuste
1208 3382 1244 3429 ac
1270 3359 1413 3428 canonice

160 3478 296 3563 possidet
318 3480 372 3545 aut
393 3479 426 3544 in
448 3479 586 3545 fotunun
601 3480 792 3548 concessione
814 3481 993 3565 pontificum
1008 3480 1171 3566 largitione
1185 3478 1412 3561 imperatorum,

160 3613 276 3680 regum,
299 3595 353 3660 aut
366 3595 539 3680 principum
555 3595 707 3662 oblatione
729 3595 866 3664 fidelium
883 3616 936 3664 seu
950 3597 1021 3663 eliis
1035 3596 1127 3662 iustis
1142 3594 1242 3662 modis
1257 3593 1413 3677 prestante

159 3710 292 3777 Domino
314 3711 426 3794 poterit
440 3710 570 3795 adipisci
584 3711 674 3778 firma
695 3712 754 3778 tibi
770 3713 890 3798 tuisque
906 3713 1129 3779 successoribus
1152 3713 1184 3778 et
1205 3709 1327 3776 illibata
1341 3726 1412 3792 per-

160 3828 313 3905 maneant,
335 3828 369 3892 in
390 3827 502 3911 quibus
516 3829 591 3894 hacc
613 3828 743 3914 propriis
758 3828 902 3895 duximus
924 3829 1119 3913 exprimenda
1133 3825 1289 3894 vocabulis
1311 3824 1413 3889 locum

160 3940 262 4025 ipsum
285 3942 318 4008 in
340 3961 399 4026 quo
421 3943 540 4027 prefata
561 3944 689 4011 ecclesia
712 3945 773 4011 sita
795 3948 844 4012 eat
866 3964 937 4012 cum
959 3946 1100 4013 omnibus
1123 3940 1316 4029 pertinentiis
1340 3939 1413 4018 suis,

160 4059 366 4139 Parmensem,
388 4061 580 4144 Regiensem,
595 4060 811 4141 Mutinensem,
825 4062 1058 4143 Bononiensem,
1079 4062 1272 4137 imolensem,
1294 4058 1413 4124 Faven-

160 4173 320 4255 tinensem,
351 4175 597 4256 Foroliviensem,
625 4177 910 4263 Foropopiliensem,
933 4177 1193 4258 Caesenateneenr,
1222 4175 1415 4252 Bobiensem,

162 4289 362 4371 Cerviensem,
377 4290 605 4360 comaclensem
618 4296 650 4360 et
663 4295 844 4362 lunensem
857 4296 1066 4381 episcopatum
1076 4294 1295 4362 monasterium
1305 4289 1413 4356 Galia·

161 4409 247 4472 tense
266 4408 298 4473 et
318 4408 442 4494 reliqua
467 4410 567 4498 (Idem
581 4410 614 4477 in
629 4411 734 4478 eodem
749 4413 909 4497 privilegio
924 4413 1014 4498 paulo
1029 4413 1109 4480 infra
1124 4412 1203 4478 circa
1218 4407 1354 4476 medium
1369 4408 1415 4472 ita

162 4525 275 4610 legitur
292 4525 453 4614 videlicet).
476 4528 683 4594 ltesistuimus
699 4529 940 4596 Ravennatensis
956 4531 1040 4596 urbis
1063 4529 1161 4615 ripam
1177 4530 1330 4616 integram
1346 4545 1413 4593 mo·
