3400 5088
787 343 1032 410 -128-

282 537 444 625 suffragari
472 538 560 606 illam
583 538 616 605 in
638 539 770 606 Domino
800 538 888 606 valde
919 538 1124 606 adhortamur.
1170 538 1285 606 Datum
1309 541 1423 607 Romae
1453 539 1534 624 apud

282 653 429 722 Sanctum
452 655 578 722 Petrum
600 655 650 720 die
671 656 729 722 xri
752 655 869 740 Aprilis
890 656 1010 721 mdxxr.
1055 657 1143 721 Anno
1168 655 1304 722 secundo.

372 885 515 974 Sequitur
542 886 672 972 epistola
694 887 920 971 prothonotario
950 883 1052 953 Oasali
1079 889 1114 952 ut
1137 889 1306 954 revertatur
1330 887 1382 974 (ab
1404 887 1533 974 Anglia)

282 1003 415 1071 salutato
438 1023 508 1088 rege
531 1005 563 1069 et
585 1003 664 1070 card.
688 1003 878 1070 liboraoensi.
897 1003 1014 1069 -Die
1036 1003 1116 1069 xxiii.
1141 1003 1257 1087 Aprilis
1280 1003 1399 1069 mdrrv.
1445 1004 1534 1070 Anno

281 1118 419 1186 secundo.

882 1379 935 1446 95.

328 1545 464 1604 Dilecto
488 1545 559 1604 lilio
584 1546 693 1605 nobili
717 1549 796 1604 viro
819 1543 951 1604 Carolo
975 1545 1115 1604 Gelriae
1138 1549 1172 1602 et
1197 1545 1311 1604 duliae
1334 1545 1422 1606 Duci
1446 1560 1488 1605 ac

716 1661 843 1720 Comiti
867 1663 1100 1734 zutphaniae.

347 1861 349 1864 -
370 1815 491 1882 Dilecta
511 1814 557 1880 fili
579 1816 635 1881 etc.
681 1815 763 1882 Tuae
778 1814 902 1882 vidulis
926 1815 957 1881 ot
979 1833 1053 1899 erga
1076 1835 1232 1881 summum
1251 1816 1351 1881 Deum
1374 1815 1533 1900 religionis

281 1931 450 2016 preclarum
474 1930 686 1997 testimonium
708 1931 829 1998 litterae
851 1931 940 1996 nobis
962 1933 1034 1996 tuae
1049 1930 1240 2014 prebuerunt
1278 1931 1315 1996 In
1338 1932 1534 2017 quibuscum

283 2047 320 2114 de
342 2049 401 2113 hac
422 2047 509 2112 tanta
531 2046 707 2112 commitata
729 2044 911 2114 Germaniae
940 2065 1016 2133 quae
1039 2047 1158 2112 artibus
1187 2048 1324 2132 perpetui
1354 2047 1453 2114 hostis
1475 2047 1535 2114 Dei

282 2182 336 2248 por
358 2163 423 2228 eius
438 2161 549 2247 impios
572 2161 730 2229 ministros
745 2162 919 2229 Luthemna
941 2162 1041 2230 heresi
1062 2161 1190 2229 infectos
1206 2164 1366 2248 procurata
1380 2165 1436 2243 est
1459 2183 1532 2229 con-

283 2279 425 2364 quereris,
448 2277 642 2362 ostendisque
664 2277 799 2344 dolorem
822 2278 881 2345 tibi
904 2277 1009 2343 effiarre
1032 2277 1089 2343 hoc
1111 2276 1239 2344 dedecus
1262 2277 1396 2344 nominis
1420 2277 1535 2344 Christi

281 2396 314 2460 et
335 2394 519 2461 christianae
534 2393 692 2478 religionis
714 2393 867 2459 maculam
882 2395 972 2478 atquo
994 2393 1148 2473 iniuriam,
1170 2395 1238 2459 tum
1253 2396 1289 2459 ut
1303 2411 1371 2461 vore
1387 2412 1535 2479 magnum

282 2510 314 2575 et
327 2509 414 2594 pium
429 2510 599 2594 principem
620 2509 714 2588 decet
737 2509 875 2576 animum
891 2527 962 2592 prae
984 2510 1016 2575 te
1030 2508 1092 2575 fers
1114 2509 1193 2575 hanc
1208 2511 1328 2575 tantam
1344 2508 1536 2594 impietatem

282 2626 314 2691 et
337 2625 435 2691 scelus
459 2625 610 2692 nefarium
631 2622 815 2704 dedicandi,
844 2624 878 2689 in
900 2643 958 2709 quo
981 2624 1076 2690 etiam
1100 2643 1118 2690 a
1140 2624 1229 2691 nobis
1258 2625 1396 2709 postulas
1418 2627 1454 2693 ut
1475 2626 1535 2692 tibi

282 2740 461 2826 procedendi
483 2740 628 2807 adversus
650 2740 870 2807 ecclesiasticas
893 2758 1046 2824 personas,
1076 2759 1152 2825 quas
1174 2740 1290 2806 multas
1311 2741 1381 2806 labo
1403 2740 1461 2807 hac
1482 2741 1533 2806 in·

283 2857 425 2941 quinatas
440 2875 507 2922 esse
530 2855 626 2922 sends
642 2856 821 2922 acnuam
843 2856 875 2921 et
896 2857 1080 2940 potestatem
1095 2855 1256 2923 concedere
1271 2856 1402 2923 volimus
1434 2854 1535 2937 Quam

284 2991 339 3039 nos
369 2974 504 3038 monam
526 2973 558 3038 ot
580 2971 659 3056 quod
688 2971 930 3057 prestantissimi
957 2971 1104 3056 principis
1134 2971 1287 3053 studium,
1317 2971 1445 3058 dignum
1473 2972 1536 3040 ista

283 3086 444 3154 ruobilitate
465 3089 497 3154 ot
517 3087 581 3154 ista
602 3087 714 3154 virtute
743 3105 820 3172 quae
848 3087 936 3154 nobis
967 3107 1085 3172 semper
1106 3087 1141 3154 in
1162 3089 1194 3154 te
1216 3087 1340 3174 egregia
1362 3090 1393 3154 ct
1421 3106 1537 3174 magna

284 3205 441 3289 perspecta
462 3203 530 3282 fuit,
553 3203 748 3271 vehomenter
770 3203 804 3270 in
825 3203 958 3269 Domino
987 3202 1236 3270 commendamus
1258 3203 1401 3290 omnique
1430 3205 1535 3270 nostra

283 3318 488 3387 benivolentia
515 3320 547 3386 et
569 3318 718 3385 charitate
746 3319 984 3404 complectimur,
1007 3319 1234 3405 Dominumque
1255 3319 1355 3388 Deum
1385 3319 1536 3406 supplices

284 3453 450 3515 exoramus,
473 3436 508 3500 ut
529 3435 587 3500 tali
609 3435 640 3500 et
662 3436 729 3500 tam
750 3435 898 3503 catholico
927 3435 1063 3520 principe
1085 3454 1196 3520 suoque
1219 3434 1340 3501 divinae
1362 3435 1536 3502 Maiestatis

287 3551 393 3618 honori
413 3550 459 3616 ita
481 3549 582 3616 dedito
606 3549 737 3616 secunda
758 3551 861 3618 omnia
883 3552 915 3617 et
929 3569 1072 3634 prospera
1093 3549 1253 3617 concedere
1269 3549 1419 3636 dignatur.
1450 3549 1537 3632 Quod

285 3686 355 3734 vero
377 3666 417 3732 ad
438 3665 596 3752 nogotium
618 3665 721 3750 ipsum
741 3666 862 3746 attinet
885 3665 1036 3732 credimus
1059 3668 1147 3733 nola.ti
1166 3669 1236 3733 tuae
1259 3686 1326 3734 esse
1340 3670 1456 3748 notum,
1479 3685 1537 3752 quo

286 3801 342 3849 nos
366 3781 466 3848 studio
489 3800 549 3866 qua
578 3781 782 3849 sollicitudine
812 3784 843 3848 et
865 3799 937 3847 cura
959 3801 1020 3848 non
1051 3782 1164 3849 litteris
1188 3783 1288 3848 solum
1316 3783 1537 3863 ascribendo,

288 3897 341 3964 sod
362 3897 473 3982 legatis
497 3896 616 3962 nunciis
639 3897 917 3981 commissariisque
940 3897 1054 3963 nostris
1076 3897 1237 3964 mittendis
1259 3899 1390 3966 excitare
1413 3901 1445 3964 et
1467 3898 1537 3966 ani-

288 4031 371 4080 mare
394 4031 499 4078 omnes
521 4011 673 4097 principes
688 4010 852 4080 Germanic
874 4013 1153 4093 constituerimus,
1176 4016 1211 4079 ut
1226 4032 1297 4079 cum
1318 4015 1407 4082 nrina
1429 4016 1461 4082 et
1482 4014 1537 4081 de-

288 4128 432 4196 trimento
455 4127 640 4194 christianae
663 4147 750 4194 verae
778 4129 851 4194 fidei
873 4129 992 4195 cladem
1014 4148 1130 4214 quoque
1154 4149 1242 4195 suam
1264 4133 1296 4196 ct
1317 4131 1439 4197 ruinam
1461 4149 1535 4197 eon-

288 4245 426 4311 iunctam
448 4263 485 4309 ne
508 4246 749 4328 aspamarcntur,
774 4244 827 4312 scd
849 4245 1005 4311 obviarent
1019 4245 1122 4329 pravis
1144 4245 1302 4330 principiis
1317 4266 1446 4331 quorum
1463 4247 1541 4314 fines

290 4362 321 4427 et
343 4360 442 4426 oritus
464 4359 504 4424 ad
526 4359 662 4445 ipsorum
691 4361 825 4444 primum
847 4361 1012 4445 pernicicm
1041 4363 1144 4428 essent
1166 4362 1317 4446 erupturi;
1345 4362 1462 4447 inqua
1483 4363 1540 4429 ad·

291 4477 457 4543 monitione
487 4477 518 4542 et
546 4476 753 4542 cohortatione
775 4494 794 4541 a
816 4476 913 4542 nostri
942 4477 1136 4560 pontificatus
1165 4477 1253 4543 initio
1283 4497 1377 4562 usque
1400 4477 1543 4546 adhunc
