3400 5088
816 327 1061 394 -110-

313 523 456 590 Sanctam
472 521 581 588 Sedem
597 522 795 606 apostolicam
812 524 1007 590 voluntatem.
1017 521 1039 610 ¹)
1079 521 1166 604 Quod
1182 523 1240 589 etsi
1255 522 1407 589 facturum
1421 525 1453 589 te
1468 522 1561 589 fuisse

310 643 364 708 tua
380 642 486 725 sponte
502 639 624 718 scimus,
647 639 798 705 voluimus
814 641 918 706 tamen
940 639 1083 706 adhibere
1098 639 1249 706 modicam
1264 640 1343 704 banc
1357 639 1561 705 hortationem

310 760 342 824 et
363 757 423 824 tibi
443 757 477 821 in
499 755 679 822 memoriam
702 755 842 820 reducere
871 757 1009 821 nostram
1032 756 1060 821 si
1081 755 1115 822 in
1137 774 1288 840 quoquam
1317 755 1440 821 bomine
1462 755 1562 838 posita

312 876 368 956 est,
391 874 424 939 iu
438 875 469 938 te
484 891 544 938 uno
567 871 699 937 maxime
717 871 810 936 finam
833 873 865 936 et
886 873 1019 939 locatam
1041 891 1108 938 esse
1128 871 1220 937 fidem
1243 890 1278 937 ao
1300 891 1401 936 rerum
1424 869 1561 936 omniurn

310 992 386 1058 bene
408 988 608 1074 gerendarum
639 1006 739 1071 spem:
769 1005 861 1070 quam
890 988 925 1053 ut
947 989 1000 1053 tua
1022 988 1135 1054 virtute
1164 988 1195 1052 ct
1225 986 1374 1070 sapientia
1403 985 1562 1051 confirmes

310 1106 499 1172 devotionem
522 1106 608 1170 tuam
631 1120 812 1187 magnopere
835 1103 868 1167 iu
890 1096 1022 1169 Domino
1045 1103 1250 1170 adhortamur.
1292 1104 1396 1188 Deque
1418 1102 1469 1167 bis
1492 1121 1560 1166 om-

310 1222 400 1288 nibus
423 1223 454 1286 et
468 1219 607 1304 pluribus
623 1219 693 1284 aliis
716 1219 826 1284 dilecto
849 1219 912 1284 filio
928 1219 1106 1286 Baldassari
1120 1218 1303 1285 (tastilioneo
1326 1220 1435 1285 nuncio
1458 1221 1561 1284 nostro

310 1339 372 1419 aut,
395 1337 464 1402 siis
481 1336 620 1414 abfuerit,
643 1334 690 1401 Jo.
706 1332 809 1401 Corsio
832 1335 946 1400 oratori
961 1335 1135 1402 Florentino
1158 1334 1250 1401 fidem
1266 1337 1401 1419 amplam
1416 1333 1562 1400 adhibeas

309 1473 472 1538 eorumque
493 1455 562 1518 acta
584 1451 717 1530 adiuves,
746 1451 826 1535 quod
848 1451 941 1516 facies
971 1452 1059 1517 nobis
1090 1471 1179 1536 super
1207 1452 1310 1517 omnia
1339 1449 1561 1535 gratissimum.

309 1570 423 1636 Datum
447 1569 562 1636 Romae
585 1569 640 1634 etc.
663 1567 713 1632 die
736 1568 773 1633 ix.
798 1567 903 1632 Martii
926 1567 1043 1632 mdxxr.
1089 1568 1177 1632 Anno
1201 1568 1339 1633 secundo.

909 1855 960 1921 79.

832 2021 1036 2081 Archlduci.

395 2177 514 2244 Dilecta
536 2176 582 2241 fili
604 2175 659 2241 etc.
706 2171 791 2254 Quod
821 2173 967 2243 iudicium
997 2175 1034 2241 de
1056 2175 1146 2258 paulo
1175 2175 1246 2241 aute
1275 2175 1402 2259 ancipiti
1424 2176 1455 2241 et
1476 2177 1558 2260 peri-

306 2297 408 2362 culoso
430 2294 510 2360 bello
533 2291 613 2376 quod
635 2291 668 2356 in
691 2290 783 2355 Italia
811 2291 974 2375 gerebatur
996 2291 1112 2356 factum
1135 2293 1190 2371 est,
1219 2291 1280 2358 etsi
1302 2291 1335 2357 in
1357 2309 1391 2358 eo
1421 2291 1558 2356 militum

250 2458 252 2467 .
306 2412 403 2477 virtus
426 2409 536 2474 ducum
560 2406 726 2491 singularis
748 2405 938 2488 providentia
959 2408 1030 2471 tuae
1053 2406 1224 2472 nobilitatis
1246 2425 1319 2472 cura
1340 2409 1371 2472 et
1393 2406 1558 2472 auctoritas

307 2529 395 2592 serr·¹¹
415 2523 552 2590 Caesaris
567 2521 698 2588 felicitas
713 2521 847 2587 multum
869 2523 1031 2605 potuerunt
1053 2523 1158 2588 tamen
1170 2522 1230 2588 Dei
1251 2523 1407 2588 voluntate
1430 2523 1462 2590 et
1483 2541 1557 2588 con·

306 2641 375 2707 silio
397 2640 588 2706 bansactum
610 2637 705 2704 briaae
727 2657 788 2704 non
811 2637 996 2716 dubitamus,
1020 2657 1090 2703 cum
1112 2637 1274 2721 presertim
1296 2639 1457 2704 bominum
1479 2638 1557 2704 ratio

305 2757 400 2822 talem
423 2773 524 2820 rerum
547 2755 661 2819 exitum
684 2772 745 2818 non
767 2752 920 2820 videretur
942 2772 1030 2837 posse
1053 2754 1223 2836 expectar03
1246 2757 1282 2819 ut
1303 2755 1387 2820 enim
1408 2773 1557 2840 magnum

305 2871 397 2938 fuerit
418 2870 537 2934 vincere
559 2871 590 2934 et
605 2868 711 2952 fugare
733 2887 838 2952 regem
859 2868 1108 2952 potentissimum
1123 2869 1293 2954 pellemque
1315 2889 1352 2936 ex
1373 2869 1465 2936 Italia
1482 2871 1554 2936 tan·

304 2989 371 3052 tam
391 2986 456 3052 rim
484 2984 604 3050 collecti
626 2983 782 3063 exercitus,
811 3003 916 3067 capere
939 2985 1018 3050 certe
1040 2986 1072 3049 et
1094 3002 1185 3068 prope
1214 2987 1368 3052 momento
1396 2985 1557 3052 victoriam

304 3100 433 3186 adipisci
454 3099 550 3184 prelio
571 3100 633 3191 hoc
650 3099 831 3165 beneficium
860 3099 999 3166 divinum
1021 3119 1083 3166 nou
1111 3101 1281 3166 humanum
1303 3100 1419 3168 factum
1442 3102 1498 3181 est
1521 3121 1556 3167 ex

304 3236 363 3300 quo
377 3235 539 3300 possumus
554 3215 717 3280 manifesto
739 3232 918 3298 cognoscere
932 3215 1067 3282 infensos
1083 3216 1148 3280 Deo
1170 3217 1372 3300 omnipotenti
1393 3235 1460 3282 esse
1478 3236 1554 3301 quo-

305 3352 373 3397 rum
388 3350 475 3397 mens
497 3331 588 3396 bellis
602 3331 635 3395 in
658 3330 841 3396 christianos
864 3331 1055 3398 conserendis
1071 3332 1165 3396 nimis
1187 3331 1244 3396 fixe
1267 3333 1386 3398 intenta
1409 3336 1463 3398 est.
1495 3331 1555 3399 Sed

304 3465 368 3526 noa,
390 3447 449 3512 etsi
471 3446 532 3511 alia
554 3447 639 3530 prius
664 3446 711 3512 via
735 3446 933 3512 tendebamus
956 3445 995 3512 ad
1017 3465 1131 3529 pacem,
1154 3448 1314 3530 potiusque
1337 3449 1555 3532 compositione

303 3565 335 3628 et
349 3561 506 3628 concordia
522 3561 604 3627 finiri
626 3563 741 3627 bellum
764 3579 855 3644 quam
873 3562 997 3626 victoria
1019 3563 1224 3645 cupiebamus,
1246 3565 1332 3628 cuius
1348 3565 1468 3630 nostrae
1487 3565 1555 3649 piae

303 3679 335 3742 et
357 3678 489 3742 sincerae
519 3678 685 3741 voluntatis
714 3696 750 3741 ea
772 3696 848 3759 quaa
878 3679 946 3743 acto
968 3695 1021 3760 per
1044 3696 1099 3742 nos
1129 3681 1201 3742 sunt
1231 3697 1416 3763 quamquam
1445 3680 1554 3746 multis

398 3961 414 4021 ¹1
433 3963 460 4010 ln
478 3963 587 4020 originali
606 3965 696 4011 minuta
714 3964 770 4012 baec
789 3965 946 4022 sequebantur
964 3967 1122 4023 quasimodo
1140 3969 1227 4014 omissa
1245 3971 1314 4014 sunt:
1334 3967 1419 4024 ,Certe
1436 3969 1498 4017 enlm
1511 3969 1555 4017 boc

304 4063 402 4109 inaximo
420 4067 577 4122 opportunum
597 4063 688 4121 tempus
707 4065 744 4108 est
762 4063 844 4118 uendi
864 4066 889 4110 ct
907 4065 1043 4122 procurandi
1070 4067 1097 4112 ut
1115 4063 1245 4112 huiusmodi
1273 4067 1317 4114 rite
1335 4067 1512 4115 administretur
1530 4072 1555 4115 et

303 4161 447 4218 tubemetnr
459 4161 565 4218 victoria,
584 4173 643 4216 qnae
661 4160 763 4207 omnium
776 4163 867 4209 mentes
884 4163 1037 4210 conciliatura
1049 4161 1141 4211 &asari
1160 4165 1197 4212 est
1208 4165 1238 4212 ad
1256 4163 1412 4212 stabilitatem
1424 4165 1488 4214 illius
1506 4180 1554 4214 am·

302 4257 413 4317 plitcdlui
443 4259 617 4318 sempiternam.
655 4258 701 4304 Nos
719 4263 745 4306 et
762 4272 804 4318 pro
826 4262 904 4307 vetere
922 4263 1004 4307 nostra
1028 4273 1084 4316 ersa
1109 4261 1182 4320 ipsius
1207 4264 1357 4310 serenitatem
1383 4264 1552 4320 benivolentia:

301 4357 327 4408 st
345 4369 387 4416 pro
404 4357 480 4404 sunu
498 4356 615 4402 communi
632 4355 715 4404 ltaliae
733 4357 852 4414 totiusque
871 4357 1055 4405 christianitatis
1075 4359 1108 4405 ita
1127 4357 1161 4406 illl
1181 4359 1290 4407 adhesuri
1308 4362 1370 4408 omni
1390 4360 1516 4410 tldlsslmae
1529 4369 1553 4411 et

301 4455 427 4514 perpetuae
445 4454 566 4500 societatis
586 4453 678 4500 vinculo
697 4459 801 4500 sumus‘.
