3346 5084
683 364 928 438 -477-

177 586 230 650 per
239 564 410 632 1111111111
425 565 584 633 ecclesiam
599 565 775 652 possederat
789 564 989 644 restituimus,
1001 583 1054 648 per
1068 563 1219 648 presentis
1234 563 1317 630 enim
1332 561 1429 649 privi-

177 682 252 767 legii
274 683 419 766 paginam
436 683 520 748 salvo
542 685 576 748 in
590 682 733 748 omnibus
755 683 820 747 iure
835 682 925 765 atque
947 680 1128 746 auctoritate
1143 678 1231 746 Sedis
1247 680 1431 764 apostolicae

178 798 370 866 concedimus
391 798 450 864 tibi
466 798 586 883 tuisque
603 799 826 865 suecessoribus
849 797 883 862 in
897 795 1033 863 eiusdem
1050 793 1137 862 Sedis
1153 796 1337 881 apostolicae
1353 797 1428 862 eub-
1452 827 1456 832 ·

178 914 315 994 iectioue,
331 915 421 997 atque
437 913 608 980 obedientia
623 914 871 998 permanentibus
886 912 1077 997 episcopatus
1092 912 1243 978 Aemiliae
1258 912 1430 997 prouinciae

178 1028 211 1094 id
233 1031 281 1095 est-
296 1029 478 1108 Pieceutiae,
502 1031 640 1110 Parmae,
661 1030 760 1114 Regii,
776 1029 922 1107 Mutinae,
946 1027 1108 1108 Bononiae,
1131 1029 1293 1108 Ferrariae,
1308 1026 1430 1106 Adriae,

179 1143 339 1224 Comaclis,
360 1145 484 1225 imolae,
513 1146 599 1226 Fani,
628 1145 800 1224 Fauentiae,
829 1143 964 1222 Forlivii,
987 1143 1207 1227 iloripompilii,
1230 1143 1329 1223 Bobii,
1352 1141 1429 1209 Cae-

180 1278 278 1340 11111,
300 1260 439 1336 11111111;
469 1261 684 1326 confirmamus
707 1260 802 1326 etiam
824 1259 911 1325 uobis
940 1257 1084 1324 ducatum
1106 1258 1278 1337 Ravennae,
1308 1260 1340 1323 et
1362 1278 1430 1324 mo·

180 1375 314 1441 necteria
336 1376 435 1440 sancti
449 1376 608 1443 hdalberti
624 1377 656 1442 et
679 1375 777 1443 sancti
800 1374 912 1441 Hilarii
933 1374 967 1439 in
982 1371 1132 1452 Galieata,
1154 1374 1186 1439 et
1200 1375 1300 1440 cetera
1322 1392 1431 1440 meua·

180 1491 274 1557 steria
296 1510 349 1557 seu
364 1491 569 1574 possessiones
592 1491 631 1556 ad
646 1492 780 1558 vestram
803 1490 963 1556 ecclesiam
986 1489 1172 1586 pertinentes
1194 1505 1248 1572 per
1263 1489 1434 1557 auctentica.

180 1606 340 1691 privilegia
371 1608 409 1673 ab
440 1607 680 1674 antecessoribus
710 1607 839 1685 uostris,
869 1607 900 1672 et
923 1625 941 1670 a
968 1605 1127 1671 catholicis
1157 1597 1280 1690 regibus
1310 1605 1432 1686 tradita,

183 1721 380 1806 Pompusiani
402 1741 519 1807 quoque
540 1722 720 1788 monasterii
741 1741 845 1788 curam
860 1720 1002 1806 religioni
1017 1721 1087 1786 tuae
1103 1720 1188 1787 salvo
1209 1721 1353 1787 eeclesiae
1374 1739 1431 1787 no·

182 1839 262 1904 strae
285 1839 350 1904 iure
372 1837 604 1918 committimus,
626 1840 662 1903 ut
684 1839 838 1923 prestante
853 1837 918 1902 Deo
941 1836 1048 1920 regula
1070 1835 1249 1921 disciplinae
1271 1854 1325 1920 per
1347 1837 1432 1902 tuam

181 1952 364 2018 industriam
387 1953 574 2019 reformetur.
620 1954 760 2020 Preterea
789 1951 976 2048 fraternitati
1003 1953 1073 2017 tuae
1102 1951 1218 2036 palium
1248 1951 1433 2037 pontificalis

181 2067 323 2135 uidelicet
337 2068 430 2135 officii
445 2068 666 2153 plenitudinem
682 2087 717 2134 ex
732 2067 916 2151 apostolicae
929 2065 1015 2133 Sedis
1031 2066 1215 2133 liberalitate
1231 2066 1433 2146 concedimus,

182 2203 240 2267 quo
263 2183 439 2250 fraternitas
455 2184 508 2249 tua
523 2184 688 2250 secuudum
705 2182 848 2250 ecclesiae
871 2185 941 2249 tuae
956 2201 1073 2249 morem
1096 2202 1131 2249 ex
1146 2182 1329 2267 apostolicae
1345 2181 1432 2248 Sedis

182 2301 374 2366 concessione
389 2299 572 2383 permissum
589 2318 621 2365 se
636 2299 754 2366 noverit
768 2297 962 2377 induendam,
977 2296 1064 2363 cuius
1079 2298 1226 2364 nimirum
1241 2298 1329 2382 pallii
1345 2299 1432 2364 volu·

182 2435 252 2481 mus
281 2414 459 2498 peremnia
482 2415 607 2499 signum
637 2415 810 2494 vendicare,
840 2414 931 2479 huius
962 2413 1112 2497 siquidem
1141 2412 1314 2480 indumenti
1340 2414 1436 2480 honor

182 2530 343 2596 humilitas
365 2531 456 2614 atque
477 2529 598 2596 iustitia
619 2531 679 2608 est;
702 2531 768 2596 tota
782 2548 855 2614 ergo
877 2530 980 2596 mente
1002 2527 1178 2595 fraternitas
1201 2530 1302 2596 vestra
1325 2548 1358 2596 se
1380 2549 1433 2596 ex·

182 2644 286 2711 hibere
309 2644 434 2710 festinet
448 2644 481 2710 in
504 2646 657 2729 prosperis
671 2645 814 2725 humiles,
837 2645 868 2711 et
890 2645 923 2710 iu
945 2643 1081 2710 adversis
1104 2643 1269 2728 siquando
1292 2644 1436 2712 eveniunt

183 2779 253 2827 cum
275 2759 395 2826 iustitia
417 2762 549 2826 erectam
572 2762 703 2828 amicam
726 2759 814 2827 bonis
836 2759 986 2844 perversis
1009 2759 1201 2828 contrariam.
1238 2759 1352 2826 Nullus
1374 2781 1434 2826 un-

184 2893 276 2960 quam
299 2875 409 2942 faciem
431 2878 535 2942 contra
557 2878 719 2944 vamtatem
742 2875 919 2961 suscipiens,
942 2875 1166 2944 misericordiae
1189 2875 1329 2960 operibus
1352 2877 1437 2943 iuxta

184 2991 345 3057 ueritatem
361 2993 551 3059 substantiae
565 2993 721 3074 insistens,
744 2994 894 3060 ettamen
916 2992 1057 3059 insistere
1073 2991 1167 3058 etiam
1186 3011 1275 3076 super
1290 2991 1436 3058 1111111111

184 3105 309 3190 cupiens
331 3107 463 3174 infirmis
479 3109 674 3192 compatiens,
698 3110 775 3175 bene
791 3108 963 3175 valentibus
979 3107 1186 3194 cumgaudeue
1209 3107 1307 3175 aliena
1323 3108 1436 3174 damna

184 3224 306 3307 propria
328 3223 477 3307 deputans
500 3224 536 3290 de
559 3224 668 3292 alienis
697 3223 818 3310 gaudiis
841 3225 999 3308 tamquam
1023 3224 1060 3290 de
1082 3222 1212 3308 propriis
1242 3224 1381 3290 exultans
1403 3224 1437 3289 in

185 3338 373 3423 corrigendis
392 3339 476 3404 vitiis
491 3338 541 3423 pie
564 3340 700 3406 saeviens
715 3339 749 3405 111
771 3339 908 3406 fovendis
922 3339 1089 3406 virtutibus
1112 3340 1285 3406 auditomm
1299 3339 1436 3406 animum

186 3453 353 3520 demoliens
376 3453 409 3519 in
430 3454 476 3520 ira
498 3454 645 3520 iudicium
668 3455 733 3521 sine
756 3455 802 3520 ira
823 3456 929 3521 tenens
954 3454 987 3520 in
1009 3455 1233 3540 tranquillitate
1255 3457 1355 3522 autem
1387 3473 1436 3520 se-

185 3569 614 3636 1111111111111111111111111
633 3590 694 3637 non
713 3571 862 3650 deserens,
884 3572 959 3636 haec
982 3572 1030 3637 est
1044 3572 1138 3638 frater
1160 3571 1340 3638 charissime
1362 3570 1437 3655 palii

186 3685 302 3769 accepti
316 3685 460 3770 dignitas,
483 3705 576 3770 quam
600 3687 627 3752 si
643 3685 761 3753 solicite
776 3689 942 3754 servareris
965 3687 1045 3771 quod
1067 3687 1142 3754 forie
1157 3687 1308 3772 accepisse
1331 3689 1435 3753 osten·

187 3800 267 3868 deris
289 3801 375 3867 intus
397 3802 532 3868 habebis.

275 3919 341 4002 Ego
364 3916 505 3984 Gelasius
533 3919 677 3984 ecclesiae
701 3917 867 3985 catholicae
892 3919 1050 4004 episcopus
1085 3919 1260 4004 subscripsi.
1308 3918 1438 4004 Signum

189 4052 298 4100 manus
320 4053 414 4114 meae,
437 4037 531 4100 Dece
554 4039 589 4099 111
612 4035 804 4100 locosancto
826 4055 890 4100 auo.

275 4151 391 4215 Datum
413 4151 529 4216 Romae
550 4170 604 4235 per
626 4168 752 4217 manum
776 4148 940 4237 Grisogoni
970 4153 1093 4218 sanctae
1115 4153 1272 4219 Romanae
1294 4153 1438 4219 ecclesiae

188 4264 307 4332 11111111
328 4265 492 4331 cardinalis
514 4266 565 4334 vii.
587 4265 657 4331 idus
679 4265 813 4350 Augusti
836 4266 1054 4336 indictionem
1083 4269 1171 4336 Anno
1195 4268 1364 4334 dominicae
1387 4267 1437 4332 in·

188 4381 372 4448 camatiouis
394 4383 561 4448 millesimo
591 4383 758 4448 centesimo
781 4382 897 4449 decimo
920 4403 1008 4466 nono,
1038 4385 1234 4468 pontificatue
1256 4387 1359 4449 autem
1382 4383 1437 4449 dc-

188 4498 267 4564 mini
290 4497 406 4565 11111111
429 4499 552 4566 secundi
575 4516 671 4585 papae
693 4517 772 4565 anuo
795 4500 902 4583 primo.
