3346 5084
776 399 1020 468 -452-

267 593 414 681 quidquid
443 595 476 662 in
498 595 671 680 oppositum
701 595 798 662 dicere
820 597 852 662 et
874 597 1007 682 allegare
1029 596 1159 664 voluerit
1188 597 1406 684 assumptoque
1426 595 1465 665 ad
1487 597 1522 666 id

266 732 319 796 per
341 714 372 778 te
395 712 496 796 aliquo
518 711 625 779 idoneo
655 712 819 778 tabellione
841 733 1028 798 quecumque
1056 715 1251 798 transumpta
1280 714 1521 800 privilegiorum,

266 828 411 908 actomm
435 827 662 912 scripturarum¹
686 828 717 893 et
732 828 861 894 aliorum
885 828 1088 912 predictorum
1104 847 1206 895 coram
1229 831 1260 896 te
1281 829 1519 897 exhibendorum

264 943 348 1009 illico
370 943 456 1026 lapso
480 942 561 1008 dicto
583 942 714 1008 termino
737 945 930 1027 comparente
946 944 993 1010 vel
1015 963 1076 1010 non
1092 943 1167 1010 dicti
1190 944 1320 1010 illustris
1336 945 1423 1011 ducis
1445 965 1518 1029 pro·

265 1061 401 1125 curatore
425 1077 477 1124 seu
500 1058 585 1124 illius
610 1057 784 1137 substituto,
807 1058 905 1123 asnis
929 1057 1035 1124 formis
1058 1059 1258 1144 origInalibus
1274 1061 1323 1126 vel
1345 1078 1449 1126 eorum
1465 1079 1518 1126 seu

263 1193 368 1240 earum
391 1173 470 1239 veris
493 1172 696 1256 transumptis
719 1173 795 1239 bene
818 1175 849 1238 ct
864 1173 995 1240 fideliter
1018 1193 1053 1240 ac
1068 1175 1104 1240 de
1120 1176 1211 1242 verbo
1234 1174 1415 1243 adverbum
1437 1176 1516 1242 nihil

263 1289 400 1356 addendo
423 1289 471 1355 vel
493 1287 657 1355 minuendo
686 1288 805 1353 extrahi
827 1291 858 1354 et
879 1291 1043 1374 exemplari
1067 1293 1205 1376 recteque
1228 1293 1259 1358 ct
1280 1291 1408 1357 iuridice
1430 1310 1515 1358 oom-

262 1405 384 1489 probari
412 1423 447 1470 ac
470 1405 557 1489 signo
580 1405 611 1470 et
641 1403 863 1487 subscriptione
891 1405 1065 1472 tabellionis
1095 1426 1147 1490 per
1177 1409 1208 1473 te
1230 1406 1269 1471 ad
1291 1408 1348 1472 boc
1370 1407 1516 1491 deputati,

262 1521 378 1606 signari
401 1520 557 1605 sigillique
579 1518 626 1584 tui
640 1518 839 1603 impressione
861 1521 975 1587 muniri
990 1520 1093 1600 facias,
1115 1521 1228 1606 illoque
1243 1522 1351 1589 nuntio
1368 1541 1421 1588 seu
1442 1541 1514 1606 pro·

261 1637 393 1702 curatori
414 1634 549 1719 prefatae
573 1611 747 1700 sanctitatis
762 1635 866 1700 tradas
889 1637 920 1700 et
936 1638 1106 1721 consignes.
1137 1635 1202 1704 Nos
1217 1637 1300 1702 enim
1323 1637 1356 1702 in
1379 1639 1410 1702 et
1425 1657 1514 1722 super

260 1752 402 1817 omuibus
426 1752 457 1818 et
472 1750 604 1835 singulis
619 1733 779 1833 premissis
798 1769 867 1815 cum
884 1750 1088 1818 incidentibus
1104 1751 1343 1835 dependentibus
1366 1754 1398 1819 et
1413 1771 1510 1819 emer·

258 1867 402 1952 gentibus
424 1885 460 1932 ex
475 1865 589 1931 eisdem
613 1883 648 1930 ac
670 1864 734 1930 illis
758 1865 882 1931 annexis
899 1867 929 1931 et
952 1867 1093 1933 connexis
1116 1868 1217 1934 locum
1240 1869 1272 1934 et
1286 1869 1368 1934 vices
1391 1869 1511 1934 nostras

259 2001 294 2048 ac
316 1983 442 2066 plenum
464 1999 552 2065 posse
575 1980 634 2046 tibi
657 1980 881 2048 committimus
904 1983 935 2048 et
957 1983 1148 2049 conferimus.
1196 1982 1312 2048 Harum
1336 1982 1508 2049 testimonio

258 2098 431 2164 litterarum
461 2115 554 2161 manu
582 2096 688 2162 nostra
717 2096 966 2180 subscriptarum,
997 2097 1028 2162 et
1051 2097 1148 2181 sigilli
1177 2099 1274 2165 nostri
1297 2117 1316 2162 a
1338 2099 1423 2183 tergo
1448 2098 1508 2163 im·

256 2213 411 2298 pressione
433 2211 630 2278 munitarum.
676 2211 791 2277 Datum
814 2213 972 2296 Augustae
995 2212 1044 2279 die
1066 2213 1177 2280 ultimo
1199 2214 1315 2280 mensis
1330 2214 1409 2280 Julii
1431 2232 1507 2279 anno

257 2329 383 2397 Domini
405 2326 523 2394 mdxxx.
569 2327 695 2411 Imperii
718 2328 816 2394 nostri
838 2328 962 2394 decimo.

1288 2443 1422 2511 Carolus.

346 2560 396 2626 hd
418 2559 596 2626 mandatum
612 2578 751 2625 caesarae
774 2561 805 2624 et
827 2559 993 2626 catholicae
1008 2559 1180 2627 maiestatis
1196 2579 1244 2645 pp.
1260 2560 1322 2626 All
1339 2558 1507 2627 Valdesius.

258 2678 317 2742 Pro
339 2673 359 2757 †
386 2675 496 2760 sigillo.

347 2907 491 2973 Puesentc
514 2907 629 2990 prefato
652 2907 814 2974 reverendo
837 2907 960 2975 domino
987 2907 1104 2976 Joanno
1127 2909 1217 2976 Petro
1241 2909 1378 2975 Fcrretto
1397 2927 1506 2994 procu·

257 3025 356 3089 ratorc
385 3023 538 3088 antedicto
567 3024 598 3088 ot
627 3022 707 3089 dicto
730 3025 853 3088 nomine
883 3023 1009 3106 prefatis
1039 3024 1182 3103 instante,
1212 3025 1243 3088 ct
1266 3025 1434 3091 successive
1455 3041 1506 3107 pro

256 3137 443 3221 expeditione
466 3137 564 3205 dictae
587 3138 821 3217 commissionis,
845 3139 876 3204 ct
890 3138 929 3203 ad
949 3138 1199 3205 abundantiorem
1215 3141 1366 3205 cautelam
1389 3141 1506 3224 petente

257 3253 410 3319 committi
431 3252 518 3318 citari
541 3271 594 3336 per
616 3253 768 3319 aedictum
790 3253 946 3336 publicum
976 3253 1091 3319 toribus
1114 3253 1213 3320 dictae
1236 3254 1379 3320 ecclcsiae
1402 3254 1504 3320 cathe-

255 3368 350 3434 dralis
373 3369 517 3452 atfigcute
539 3369 570 3432 et
584 3367 709 3433 affixum
732 3367 907 3434 dimittente
922 3369 1017 3451 ptum.
1033 3367 1077 3434 ill.
1094 3369 1121 3435 d.
1137 3369 1330 3453 Alpbonsum
1346 3370 1503 3435 Estensem

256 3503 288 3548 se
318 3501 371 3566 pro
400 3482 475 3549 duce
506 3483 661 3548 Ferrariae
688 3484 845 3567 gerentem
874 3485 1024 3567 quatenus
1051 3504 1116 3550 xxv.
1140 3485 1189 3552 die
1218 3485 1364 3550 instantis
1394 3483 1504 3552 mensis

255 3599 391 3683 proxime
413 3598 516 3663 fubrra
538 3617 591 3681 per
614 3617 669 3664 nos
699 3599 873 3683 prefigenda
896 3601 1069 3682 compareat
1091 3600 1230 3684 legitime
1251 3601 1282 3665 et
1301 3618 1404 3666 coram
1425 3600 1453 3665 d
1477 3619 1503 3664 n

253 3714 287 3779 in
310 3713 391 3780 dicto
414 3714 478 3779 looo
501 3713 644 3796 deputato
667 3712 705 3777 ad
729 3712 902 3793 ridendum,
925 3715 956 3778 et
971 3713 1156 3780 audiendum
1178 3714 1325 3781 nonnulla
1346 3713 1504 3798 privilegia

255 3831 323 3895 acta
339 3829 504 3913 scripturas
519 3830 550 3894 et
565 3827 769 3894 iustrumenta
785 3830 817 3894 ot
832 3827 1020 3894 monimenta
1035 3828 1068 3894 in
1084 3830 1217 3896 archivio
1232 3829 1367 3897 eiusdem
1386 3831 1503 3896 sanctae

255 3944 442 4010 Ravennatis
464 3943 608 4010 ecclesiae
630 3943 791 4010 existentia
813 3946 845 4010 et
867 3944 1020 4010 recondita
1043 3945 1082 4011 ad
1104 3965 1228 4012 causam
1252 3965 1305 4011 seu
1327 3965 1435 4012 causas
1457 3945 1473 4011 i
1489 3979 1502 3992 -

254 4061 367 4126 cientes
397 4061 428 4126 et
457 4059 600 4125 facientia
629 4059 772 4143 prelibati
796 4081 818 4126 s.
843 4059 871 4128 d.
894 4079 923 4126 n.
946 4077 1042 4145 papae
1064 4063 1095 4127 et
1124 4062 1247 4128 illorum
1277 4060 1503 4145 transcriptioni

254 4196 307 4243 sou
330 4176 508 4242 extractioui
530 4174 773 4242 interessendum
796 4175 1023 4261 dicendumque,
1047 4178 1078 4242 et
1093 4161 1289 4261 allegandum
1312 4176 1503 4261 quidquidin

255 4291 429 4375 oppositum
458 4291 556 4358 dicere
578 4293 609 4358 et
639 4292 772 4375 allegare
801 4290 939 4369 voluerit
968 4293 999 4357 et
1021 4291 1139 4376 prefata
1169 4292 1272 4358 omnia
1293 4292 1326 4357 in
1348 4291 1447 4359 forma
1468 4292 1503 4358 de

252 4406 317 4472 iure
340 4407 449 4474 valida.

239 4613 242 4616 Ι
343 4519 402 4604 Qui
432 4521 612 4606 magnificus
642 4521 783 4588 domiuus
819 4523 954 4607 potestas
985 4523 1015 4590 et
1044 4521 1273 4592 commissarius
1302 4543 1338 4591 ac
1367 4527 1502 4592 executor
