3400 5088
715 359 759 370 -
803 321 936 389 99·-.

200 542 254 608 pro
276 523 420 608 perpetua
441 519 531 588 made
554 521 623 586 tuae
638 519 901 604 prestantissimae
925 517 1048 584 virtutis
1065 515 1283 586 elaborandum
1304 520 1360 584 est.
1390 515 1452 584 Res

200 641 248 706 est
270 658 305 705 eo
319 639 384 704 loco
399 637 500 722 posita
514 637 549 702 ut
563 637 678 702 remoto
701 654 735 701 eo
758 635 811 720 qui
833 635 954 718 euripum
970 635 1183 700 diuturnorum
1205 634 1285 700 inter
1307 633 1452 700 christic-

201 774 257 822 nos
279 754 504 820 dissensionum
528 751 706 830 sustinebat,
735 769 816 816 nnnc
839 751 882 815 sit
904 749 971 834 paci
993 751 1025 814 et
1046 750 1142 834 quieti
1164 751 1289 834 paratus
1318 769 1453 832 campus,

203 888 279 954 quae
302 870 329 934 si
351 869 489 935 celeriter
511 866 685 932 stabilietur
707 866 766 932 erit
788 865 904 931 occasio
927 865 1075 930 diuinitus
1097 867 1200 931 oblate
1221 864 1455 932 imminentibus

204 987 234 1050 et
256 985 318 1050 iarn
347 984 470 1066 iamque
497 982 685 1048 instantibus
716 981 937 1046 immanissimi
965 981 1079 1046 Truces
1111 981 1254 1064 periculis
1284 981 1455 1058 resistendi,

204 1101 283 1185 quod
311 1099 434 1185 quidem
463 1098 525 1164 nisi
547 1098 607 1163 cito
636 1097 700 1176 fiat,
729 1097 864 1181 graviter
893 1098 941 1163 est
969 1096 1244 1180 pertimescendum
1273 1117 1311 1163 ne
1340 1097 1457 1180 insigni

205 1217 315 1282 murno
339 1214 574 1281 christianitatis
597 1231 712 1279 errores
735 1211 877 1278 intestini
907 1213 1005 1278 nostri
1027 1213 1199 1296 puniuntur.
1246 1211 1305 1278 Sed
1327 1213 1401 1277 haec
1424 1215 1459 1277 tu

204 1351 258 1416 pro
281 1333 333 1397 tuo
356 1347 477 1396 summo
500 1329 622 1414 ingenio
646 1329 734 1394 facile
757 1329 921 1413 inteliiges.
967 1328 1032 1394 Nos
1055 1349 1124 1394 cum
1146 1329 1213 1412 ipso
1229 1327 1375 1413 Gregorio
1398 1325 1457 1392 Oa-

207 1447 266 1512 saii
287 1445 377 1512 citu·
399 1447 471 1510 tuae
492 1444 643 1510 fidissimo
660 1443 952 1528 studiosissimoque,
976 1445 1087 1528 quique
1109 1445 1197 1512 nobis
1220 1444 1381 1529 prudentia
1404 1462 1459 1508 sna

207 1561 372 1628 admodum
395 1560 545 1626 satisfecit
574 1560 768 1626 adiunximus
791 1579 858 1626 ven.
890 1560 1017 1625 fratrem
1040 1561 1253 1628 Hieronimum
1283 1561 1460 1644 episcopum

207 1677 454 1764 wigorniensem
476 1678 576 1742 totum
599 1677 658 1742 tibi
680 1675 818 1742 deditum
841 1677 872 1741 et
903 1677 951 1741 tui
973 1677 1279 1743 observantissimum
1301 1655 1371 1743 cum
1401 1695 1460 1760 quo

207 1797 293 1879 large
315 1795 345 1859 et
369 1793 484 1860 sincere
506 1791 544 1858 de
574 1791 715 1858 omnibus
739 1811 845 1858 sumus
867 1793 970 1860 locuti
1016 1790 1114 1873 Quem
1143 1795 1179 1858 nt
1201 1794 1381 1860 referentem
1402 1793 1462 1859 tibi

207 1911 339 1996 benigne
362 1909 468 1976 audias
493 1927 706 1992 summamque
728 1909 776 1974 illi
804 1908 897 1975 tidem
921 1911 951 1975 et
974 1909 1044 1976 aliis
1067 1910 1187 1976 nunciis
1209 1910 1325 1976 ibidem
1346 1910 1461 1976 nostris

208 2028 321 2094 habeas
336 2025 425 2092 ratde
440 2024 545 2092 cirum
560 2025 594 2090 in
608 2024 742 2091 Domino
756 2025 922 2092 hortamur.
967 2026 1084 2092 Datum
1099 2027 1215 2093 Romm
1230 2027 1279 2093 die
1293 2027 1337 2093 iii
1354 2026 1461 2094 Martii

208 2142 326 2208 mdxxv.
371 2141 461 2208 Anno
484 2141 623 2207 secundo.

774 2282 898 2370 (Foris).

538 2425 627 2490 Anno
651 2423 781 2490 secundo
804 2424 923 2492 mdxxv.
969 2425 1075 2492 Martii
1097 2427 1140 2493 iii.

211 2541 366 2608 Cardinali
381 2540 565 2607 Eboracensi
579 2559 633 2623 pro
649 2538 795 2624 Gregorio
817 2541 913 2625 equiti
928 2540 1047 2608 Casulio
1062 2547 1093 2607 et
1109 2543 1294 2629 Hieronymo
1310 2541 1463 2610 (thanatio

546 2657 684 2740 episcopo
708 2655 917 2740 Wigorniensi
939 2657 1129 2725 credentiale.

814 2979 867 3047 69.

703 3143 789 3215 Regi
813 3145 971 3216 Angliae.

304 3298 476 3366 Carissimo.
520 3295 609 3362 Nihil
639 3297 728 3363 nobis
757 3297 876 3382 gratim
905 3297 1004 3382 potuit
1033 3299 1166 3364 accidere
1195 3319 1288 3384 quam
1311 3301 1360 3366 his
1383 3304 1464 3367 tem-

215 3415 338 3499 poribus
360 3414 493 3479 missum
515 3431 533 3478 a
556 3412 718 3478 serenitate
740 3414 793 3477 tua
808 3412 903 3477 titisse
926 3413 1071 3478 dilectum
1094 3414 1193 3479 filium
1210 3413 1391 3499 Gregorirrm
1407 3415 1466 3481 Cu·

216 3529 312 3596 salem
333 3529 433 3596 vuum
448 3528 630 3612 prudentem
652 3529 683 3592 et
704 3527 763 3594 tibi
777 3527 991 3594 fidelissimum
1015 3529 1068 3613 qui
1091 3532 1207 3595 statum
1222 3530 1469 3617 conditionesque

215 3645 310 3711 tetiam
333 3644 442 3710 Italiae
464 3663 588 3727 presens
609 3642 788 3728 inspicerem
811 3643 966 3729 nostrique
989 3644 1073 3710 itlius
1096 3646 1234 3730 perpetui
1255 3666 1328 3731 erga
1351 3649 1466 3714 sereni·

216 3762 313 3826 tatem
335 3762 420 3826 tuam
436 3759 533 3824 animi
547 3761 638 3842 atqua
652 3759 766 3824 amoris
781 3761 881 3824 certus
897 3761 1000 3843 posset
1014 3779 1081 3826 esse
1096 3762 1194 3840 testis,
1210 3762 1262 3844 qui
1277 3781 1348 3828 cnm
1366 3766 1471 3829 nostra

216 3874 343 3942 consilia
365 3875 434 3940 acta
455 3874 649 3958 cogitateque
670 3874 855 3958 perspexerit
877 3875 988 3953 omnia,
1019 3876 1078 3941 tibi
1100 3895 1136 3942 ea
1157 3877 1223 3960 ipse
1246 3880 1295 3943 est
1316 3897 1385 3944 cum
1408 3879 1469 3944 fide

218 3992 383 4068 relaturum
411 3990 513 4055 evenit
541 3992 645 4056 numm
673 3990 730 4056 hoc
757 3990 824 4074 ipsc
847 3991 982 4075 tempore
1011 3992 1148 4058 mirabili
1169 3992 1228 4058 Dei
1249 3993 1360 4060 iudicio
1390 3993 1470 4078 quod

219 4126 315 4191 neque
336 4107 526 4189 expectatum
540 4125 596 4172 nec
617 4105 786 4192 cogitatum
809 4125 944 4189 unquam
967 4106 1034 4187 fuit,
1052 4110 1087 4173 ut
1109 4109 1223 4191 praelio
1239 4109 1319 4194 apud
1342 4111 1471 4195 Papiam

218 4222 383 4288 commisso
412 4240 473 4287 non
502 4222 602 4287 solum
624 4220 800 4287 inundaretur
829 4222 1009 4288 itanciscus
1032 4224 1216 4290 Francorum
1240 4245 1291 4290 rer
1321 4225 1374 4291 sed
1403 4227 1470 4309 ipse

217 4338 314 4422 etiam
327 4339 484 4420 caperetur
498 4337 644 4422 virusque
665 4338 700 4403 in
714 4337 898 4424 potestatem
914 4358 1038 4404 suorum
1052 4340 1188 4406 hostium
1204 4340 1372 4417 deveniret3
1395 4359 1473 4423 quae

218 4473 277 4533 res,
298 4472 368 4519 cnm
383 4453 518 4518 humane
532 4453 649 4519 ratione
663 4453 802 4520 rideatur
817 4453 882 4521 fieri
898 4473 959 4520 non
977 4454 1123 4538 potuisse,
1148 4474 1271 4523 necesse
1286 4457 1334 4522 est
1355 4455 1473 4522 iutelli-

1278 4561 1315 4634 7*
