3364 5102
774 452 819 464 -
864 417 1019 484 342-

859 755 933 824 259.

518 924 718 987 cardinalis
741 923 978 986 Eboracensls
1001 921 1174 983 Clementi
1196 921 1270 982 vn.

719 1034 806 1123 (laid
822 1033 917 1118 princ.
932 1033 989 1099 Ill.
1006 1033 1072 1118 95).

732 1150 798 1239 (21.
813 1149 929 1235 Aprilis
948 1147 1057 1235 1525).

355 1317 438 1381 Dum
460 1313 595 1400 pressius
622 1333 743 1380 mecum
764 1313 870 1396 reputo
893 1312 966 1396 quot
987 1310 1139 1395 periculis,
1161 1310 1272 1395 quibus
1294 1311 1396 1390 malis,
1423 1330 1523 1395 quan·

267 1433 357 1518 toque
379 1431 496 1498 turbini
517 1429 685 1501 obustiana
707 1428 878 1513 respublica
900 1427 1098 1512 impresentia
1121 1426 1249 1493 obnoxia
1272 1428 1465 1512 subiectaque
1480 1427 1524 1494 sit

268 1552 299 1616 et
322 1569 414 1634 quam
436 1549 485 1615 illi
506 1547 641 1633 graviter
670 1545 822 1612 laboranti
849 1543 911 1610 nisi
933 1545 1053 1611 mature
1083 1563 1118 1609 ao
1139 1542 1303 1628 prudenter
1332 1547 1523 1611 succurratur

267 1667 376 1733 multis
398 1685 434 1732 er
448 1664 524 1731 loeis
541 1664 583 1730 sit
604 1662 785 1742 timendum,
808 1680 843 1727 er
858 1660 966 1727 innata
987 1679 1057 1725 mea
1080 1679 1152 1745 erge
1175 1660 1373 1726 sanctitatem
1387 1661 1521 1726 vestram

267 1782 460 1850 observantia
482 1782 513 1847 et
526 1778 673 1865 peculiari
687 1778 819 1862 quodam
840 1778 874 1843 in
896 1795 1089 1843 communem
1105 1795 1229 1842 causam
1251 1776 1323 1858 celo,
1348 1795 1437 1862 cogor
1451 1775 1520 1842 ani-

267 1919 354 1966 mum
377 1897 597 1981 consiliumque
612 1914 716 1962 meum
739 1913 828 1979 super
851 1893 900 1959 his
916 1895 1079 1977 utrumque
1100 1892 1287 1977 imprudens,
1309 1892 1399 1960 fidele
1417 1895 1521 1959 buren

267 2017 358 2100 atque
381 2033 549 2100 syncerum,
570 2011 670 2078 eidem
685 2031 712 2076 v.
729 2029 753 2077 s.
769 2009 901 2094 aperire;
926 2029 983 2094 que
998 2029 1068 2076 oum
1083 2009 1193 2093 optimi
1207 2008 1521 2095 perspicacissimique

268 2131 310 2198 sit
331 2131 457 2216 ingenii,
479 2130 681 2214 benevoleque
703 2129 736 2193 in
751 2146 801 2193 me
817 2126 992 2206 voluntatis,
1015 2125 1294 2208 compertissimum
1316 2127 1412 2192 babeo
1434 2125 1519 2210 quic-

267 2248 341 2332 quid
364 2246 423 2313 sibi
446 2264 607 2329 exposuero
637 2245 671 2310 in
692 2245 805 2310 bonam
828 2244 866 2309 ab
896 2261 931 2309 co
954 2243 1073 2327 partem
1096 2244 1253 2326 acceptum
1276 2241 1333 2320 iri;
1360 2241 1521 2326 perspiciet

266 2363 349 2430 enim
372 2364 556 2446 quantopere
579 2359 745 2426 universali
766 2358 863 2444 quieti
885 2358 1067 2436 consultum,
1096 2377 1132 2424 er
1161 2358 1307 2443 cordeque
1328 2360 1520 2443 prospectum

264 2478 388 2562 cupiam
411 2479 550 2562 atquem
565 2477 741 2543 constanter
763 2493 865 2541 meam
880 2493 953 2559 erga
975 2471 1197 2540 beatitudinem
1213 2475 1347 2540 raabam
1369 2474 1521 2558 istamque

266 2592 465 2679 apostolicam
482 2591 592 2660 Sedem
613 2593 647 2658 in
669 2589 895 2658 occurrentibus
918 2589 1086 2675 quibusque
1102 2589 1237 2674 negociis
1259 2589 1351 2656 tidem
1374 2592 1406 2656 et
1427 2588 1519 2656 devo-

266 2709 381 2777 tionem
411 2710 560 2776 retineam
590 2710 629 2788 et,
651 2707 724 2773 licet
753 2706 931 2774 discrimina
960 2707 1137 2791 neutiquam
1170 2705 1360 2790 aspernanda
1389 2706 1521 2790 undique

268 2826 461 2904 immineant,
485 2845 545 2891 non
576 2843 682 2891 censeo
712 2825 780 2889 tum
802 2823 851 2888 his
881 2841 948 2888 esse
977 2822 1154 2888 meticulose
1184 2821 1438 2888 succorubendum
1468 2821 1521 2888 sed

267 2941 435 3008 fortissimo
457 2941 559 3025 potius
583 2939 685 3005 animo
715 2937 1008 3004 accomodatissimis
1039 2938 1249 3023 celerimisque
1278 2937 1415 3004 consiliis
1437 2933 1520 3004 clrri'·

267 3057 365 3124 stione
387 3056 539 3124 corruenti
562 3055 699 3121 navicula
722 3054 948 3139 opitulandum
972 3054 1050 3138 quod
1074 3073 1135 3120 non
1158 3054 1247 3122 facile
1262 3055 1384 3139 assequi
1405 3055 1520 3139 poteri-

267 3191 337 3239 mus
360 3171 421 3238 nisi
444 3191 470 3238 r.
488 3191 511 3236 s.
535 3189 593 3255 que
608 3169 743 3236 maxima
765 3170 860 3236 tutius
876 3171 921 3236 rei
942 3188 1013 3254 pars
1029 3172 1085 3249 est,
1108 3171 1246 3237 animum
1261 3171 1521 3254 cogitationesque

267 3307 338 3354 snas
354 3307 390 3353 ac
404 3287 537 3372 seipsam
553 3288 650 3352 totam
673 3286 722 3352 his
738 3285 909 3352 adiunxerit
923 3285 1120 3370 principibus,
1144 3287 1196 3370 qui
1217 3286 1251 3352 in
1273 3305 1433 3353 commune
1447 3306 1519 3370 pro·

267 3404 355 3472 desse
376 3403 629 3488 ingcuentemque
651 3402 817 3487 procellam
840 3403 945 3486 procul
967 3402 1059 3470 dubio
1075 3405 1190 3487 queunt
1213 3421 1359 3469 amovere,
1390 3401 1521 3469 Proinde

268 3521 307 3587 ad
329 3541 352 3586 r.
369 3519 397 3586 d
413 3519 652 3586 Batboniensem
675 3519 737 3584 mei
758 3518 889 3603 pectoris
911 3517 1112 3585 reconditiora
1134 3538 1161 3585 v.
1177 3519 1205 3585 b.
1222 3518 1411 3596 declaranda
1434 3535 1520 3584 meo·

267 3655 395 3722 rumque
409 3635 605 3702 consiliorum
620 3635 770 3700 rationem
791 3635 825 3700 in
839 3635 992 3720 presentia
1007 3634 1158 3701 uberrime
1172 3635 1334 3719 perscribo,
1356 3653 1450 3720 quam
1464 3653 1520 3719 ego

268 3751 307 3820 ad
322 3751 530 3820 sacratissima
546 3771 601 3817 sun
615 3753 786 3835 prostratus
809 3771 908 3837 genua
927 3751 1050 3818 obsecro
1073 3770 1177 3835 precor
1199 3753 1229 3817 et
1245 3752 1387 3829 obtestor,
1411 3751 1521 3817 utnon

269 3870 368 3936 solum
391 3867 594 3935 certissimam
618 3868 889 3954 plenissimamque
918 3867 966 3934 illi
988 3867 1021 3932 in
1044 3867 1186 3934 omnibus
1209 3868 1301 3934 fidem
1324 3867 1443 3946 habere,
1467 3865 1520 3932 sed

269 3984 343 4051 dum
365 3984 482 4070 aliquid
505 3983 569 4068 spei
592 4003 627 4050 ac
648 3983 776 4051 remedii
798 3986 943 4068 superest,
973 3982 1116 4068 dignetur
1139 4002 1196 4067 que
1224 3981 1307 4048 idem
1330 4003 1353 4048 r.
1377 3981 1520 4049 dominus

268 4100 486 4166 Batlronicnsis
502 4118 569 4165 meo
592 4101 713 4166 nomine
728 4101 846 4180 referet,
868 4099 902 4165 in
917 4097 1106 4165 sanctissimi
1129 4098 1176 4164 sui
1192 4098 1289 4164 cordis
1312 4098 1520 4183 penetralibus

270 4215 432 4301 sigillatim
456 4215 637 4300 perpendere
660 4235 694 4282 ao
717 4216 844 4294 mature,
867 4235 905 4281 ne
927 4215 1055 4298 posthac
1069 4214 1226 4280 interiecta
1241 4233 1324 4280 mora
1346 4233 1402 4280 nos
1416 4214 1521 4280 forsan

268 4332 403 4416 peniteat
425 4330 462 4398 de
485 4332 603 4415 publica
629 4351 719 4398 eausa
744 4331 917 4398 deliberare.
947 4331 1012 4415 Ego
1036 4330 1139 4395 antem
1163 4351 1185 4396 s.
1201 4351 1228 4395 v.
1251 4331 1521 4413 persuasissimum

269 4467 336 4514 esse
357 4447 425 4514 volo
448 4467 543 4531 usque
573 4447 613 4512 ad
637 4447 795 4533 sanguinis
825 4446 1003 4514 effusionem
1025 4447 1146 4531 riteque
1176 4445 1325 4511 iacturam
1357 4447 1521 4512 eventuum

271 4573 527 4647 successuumque
552 4563 679 4630 eandem
702 4583 736 4629 ac
758 4582 863 4648 parem
893 4581 995 4630 secum
1026 4561 1229 4629 conditionem
1253 4581 1302 4628 me
1325 4581 1444 4646 semper
1467 4579 1519 4626 no-
