3400 5088
765 325 988 392 ...98-

251 517 278 585 si
300 515 410 586 moniti
433 516 526 584 etiarn
556 519 653 586 edicto
684 520 804 603 publico
836 523 892 586 sub
920 521 1048 587 honesto
1079 523 1209 590 termino
1238 522 1278 590 ad
1307 524 1499 594 residendum

248 639 348 705 venire
371 634 567 721 neglexerint
590 635 628 700 ad
653 636 804 720 stipendia
827 637 963 702 militum
986 639 1091 704 contra
1113 639 1235 706 cosdem
1258 640 1371 707 lineus
1394 644 1426 709 et
1448 643 1497 709 in·

247 756 351 821 fideles
374 752 518 821 vertendi.
542 751 715 836 similiaque
737 753 798 818 alie
821 771 897 836 queo
920 753 959 818 ad
982 771 1087 835 pacem
1110 755 1141 820 et
1157 755 1301 822 solatium
1325 757 1497 824 animarum

246 872 434 954 tutelamque
454 869 576 935 illomm
600 867 777 951 populorum
802 868 952 951 pertinere
973 871 1005 934 et
1027 869 1117 936 utilia
1139 888 1206 936 esse
1228 870 1294 954 ipse
1316 871 1497 940 indicaveris

245 1007 314 1053 curn
338 986 440 1053 debita
463 983 667 1050 moderatione
690 983 808 1067 agendi,
832 985 968 1066 amplam
983 986 1086 1051 tenore
1108 987 1295 1069 presentium
1318 988 1496 1056 facultatem

244 1101 435 1169 concedimus
468 1100 561 1165 simul
582 1101 614 1164 et
636 1100 826 1182 potestatem.
872 1099 944 1165 Non
965 1100 1161 1166 obstantibus
1191 1102 1334 1169 omnibns
1364 1123 1440 1187 quae
1462 1105 1495 1170 in

244 1217 429 1283 contrarium
452 1216 518 1281 visa
541 1215 654 1280 luerint
676 1216 805 1281 obstare.

842 1593 894 1660 68.

755 1757 983 1818 Eboracensl.

329 1911 447 1979 Dilecta
468 1910 515 1975 lili
537 1911 648 1976 noster.
693 1909 851 1976 Adventus
874 1911 926 1977 dil.
949 1911 1007 1978 filii
1023 1909 1163 1998 Gregorii
1177 1911 1295 1982 (localis
1318 1917 1371 2000 qui
1393 1936 1412 1982 a
1433 1921 1488 1986 tua

239 2026 504 2111 circumspectione
534 2026 565 2090 et
593 2025 653 2090 isto
684 2025 878 2092 serenissimo
908 2045 978 2112 rege
1001 2029 1115 2096 missus
1144 2033 1193 2097 eet
1222 2049 1377 2100 summam
1398 2033 1487 2099 nobis

237 2144 345 2210 attulit
359 2141 562 2224 voluptatem
584 2140 684 2224 gavisi
699 2141 782 2207 enim
806 2161 911 2208 sumus
934 2162 982 2208 res
1006 2143 1114 2210 Italiae
1137 2146 1168 2210 et
1182 2144 1386 2214 conditionem
1405 2149 1486 2214 tem-

236 2280 344 2345 porum
365 2258 414 2324 illi
436 2257 530 2322 fuisse
553 2257 726 2340 perspectas
749 2257 802 2342 qui
824 2262 855 2324 et
878 2258 915 2324 de
938 2258 1010 2337 illis,
1042 2263 1073 2326 et
1095 2261 1132 2326 de
1155 2261 1243 2328 nobis
1268 2264 1430 2348 nostraque
1453 2264 1486 2330 in

237 2395 290 2442 vos
320 2377 462 2457 utrosque
490 2373 699 2438 benevolentia
728 2373 877 2440 chantate
907 2375 965 2442 lide
994 2375 1199 2446 certissimum
1230 2377 1270 2443 ad
1300 2397 1352 2444 vos
1381 2381 1485 2462 posset

234 2489 447 2558 testimonium
468 2488 586 2554 referre.
632 2485 692 2568 Qui
714 2487 813 2555 adhuc
828 2490 987 2557 nobiseum
1003 2493 1076 2570 erat,
1100 2511 1170 2560 curn
1192 2491 1380 2560 incredibilis
1403 2495 1483 2562 alle-

234 2611 285 2674 tus
300 2609 348 2673 est
361 2605 499 2684 nuncius,
522 2623 625 2687 regern
641 2605 824 2672 Francomm
840 2606 920 2688 apud
939 2607 1068 2690 Papium
1091 2607 1254 2674 commisso
1269 2609 1365 2692 prelio
1379 2609 1483 2677 fusum

233 2725 415 2807 captumque
444 2720 478 2786 in
509 2737 619 2785 manus
649 2719 798 2786 victorum
830 2721 934 2787 uiuum
964 2721 1135 2797 devenissc;
1174 2742 1232 2806 qno
1262 2725 1342 2791 certe
1374 2725 1483 2792 nuncio

233 2837 365 2906 maxime
387 2835 537 2902 admoniti
557 2854 658 2902 rernm
681 2836 885 2902 humanarum
909 2857 1023 2916 surmus,
1053 2837 1334 2923 imbecillitatisque
1356 2841 1388 2906 ct
1416 2841 1480 2906 fra·

231 2954 364 3040 gilitatis
386 2953 507 3017 nostrae
531 2953 562 3016 et
591 2952 626 3015 ut
650 2950 684 3016 in
708 2950 771 3016 solo
794 2951 858 3016 Deo
880 2951 1028 3018 confidere
1054 2953 1175 3019 stabilis
1197 2955 1299 3021 estet
1327 2956 1482 3039 explorata

232 3071 324 3148 selus,
356 3068 472 3150 reliqua
501 3066 604 3132 omnia
628 3065 741 3132 caduca
762 3067 794 3132 et
817 3067 896 3132 levia
929 3069 1008 3133 sunt
1054 3069 1135 3153 Ergo
1165 3069 1221 3135 hoe
1245 3072 1331 3138 tento
1355 3091 1427 3138 casu
1449 3075 1481 3138 et

229 3185 408 3252 documento
430 3181 549 3248 fallacis
564 3181 716 3264 potentiae
732 3183 815 3247 aetas
838 3185 941 3248 nostra
957 3185 1165 3250 memorabilis
1188 3186 1269 3252 iacta
1283 3190 1331 3253 est
1353 3187 1392 3252 ad
1407 3207 1476 3271 pre-

227 3301 410 3367 dicationem
432 3299 602 3363 futurorum
625 3297 794 3363 seculorum
823 3297 920 3380 quoad
943 3299 997 3364 illa
1027 3301 1219 3366 constiterint
1250 3301 1476 3385 sempiternam.
1500 3305 1502 3312 ’

229 3415 288 3482 Sed
310 3415 338 3481 si
360 3413 479 3498 quando
502 3413 652 3496 sapientia
666 3415 720 3478 tua
742 3431 818 3496 quae
834 3413 969 3478 maxime
991 3433 1109 3498 semper
1124 3415 1184 3482 luit
1202 3417 1369 3484 christiana
1392 3420 1478 3503 eguit

227 3529 406 3614 respublica,
429 3528 506 3594 illud
521 3547 601 3594 nunc
626 3531 745 3611 tempm
768 3530 816 3593 est
837 3528 870 3593 in
893 3546 951 3611 quo
967 3529 1109 3596 adhibere
1132 3550 1200 3596 earn
1219 3551 1340 3599 neeesse
1362 3535 1418 3612 est,
1443 3537 1478 3599 ut

225 3646 282 3712 hoc
303 3645 450 3711 iudicium
474 3644 588 3709 summi
603 3643 661 3708 Dei
683 3643 764 3726 qnod
785 3643 824 3707 ad
839 3643 1097 3726 tranquillaudam
1120 3646 1151 3712 et
1174 3647 1339 3714 sedandam
1361 3649 1396 3714 ut
1418 3649 1472 3714 fir-

225 3762 316 3828 miter
337 3761 520 3828 eredimusa
544 3761 589 3823 tot
604 3762 635 3823 et
657 3759 722 3824 tam
737 3757 870 3824 assiduis
892 3758 1029 3824 cladibus
1053 3761 1084 3824 et
1099 3761 1189 3826 bellis
1212 3763 1470 3830 christianitatem

223 3875 338 3942 laetum
360 3878 423 3952 est;
451 3873 655 3940 moderatione
687 3875 718 3938 et
740 3873 942 3957 temperantia
970 3893 1074 3940 eorum
1097 3877 1149 3960 qui
1172 3877 1309 3944 vicerunt
1340 3879 1473 3945 salutare

221 3995 253 4058 et
274 3989 467 4058 commodum
489 3989 708 4054 christianitati
731 3990 904 4073 reperiatur.
950 3989 1057 4074 Neque
1080 3994 1183 4058 tamen
1214 3993 1390 4060 dubitamus
1414 3995 1472 4060 hae

220 4107 337 4190 optima
359 4107 461 4171 mente
483 4124 549 4170 esse
571 4107 603 4169 et
622 4105 724 4188 ipsum
741 4105 900 4170 Caesarem
923 4106 954 4170 et
974 4104 1070 4171 istum
1093 4107 1333 4175 invictissimum
1356 4129 1468 4194 regem.

222 4221 280 4288 Sed
302 4223 406 4286 tamen
435 4223 556 4286 nostrae
579 4221 679 4304 partu
709 4220 831 4286 fuerunt
854 4222 888 4286 ut
909 4239 964 4303 pro
993 4223 1140 4304 pastorali
1163 4223 1262 4288 officio
1285 4224 1363 4290 illud
1385 4225 1470 4291 idem

219 4337 307 4405 uobis
329 4337 362 4402 in
385 4336 564 4402 memoriam
587 4335 799 4419 redigeremus,
829 4335 862 4401 iu
884 4354 942 4419 quo
967 4336 1080 4402 scimus
1103 4339 1253 4404 maximas
1275 4342 1377 4422 parles
1400 4360 1469 4408 esse

218 4455 249 4520 et
271 4453 447 4538 prudentiae
470 4455 500 4518 et
528 4451 717 4518 auctoritatis
739 4453 817 4516 tuac.
863 4448 948 4530 Quae
969 4453 1003 4515 ut
1032 4471 1112 4517 nuno
1134 4451 1271 4520 eluceant
1293 4454 1371 4521 cirri
1396 4457 1468 4523 tuae
