3364 5102
511 441 516 444 .
648 371 893 449 -349-

7 623 18 666 T:
143 570 182 644 ad
198 571 341 663 pericula
364 577 687 662 quaeduma'durois,
710 578 778 644 tum
800 577 840 643 ab
856 573 1395 661 haeretieorumdiraetbamimpia

7 741 17 784 ζ
141 693 340 779 perversitate
362 693 523 758 imminere
537 692 688 774 videniur,
711 695 959 760 oerteaamenbe
974 711 1089 774 sumus,
1112 695 1147 759 ub
1161 712 1223 760 non
1237 711 1396 760 vereamur

7 859 16 902 ³
141 810 242 877 Deum
263 809 503 894 omnipotentem
518 807 623 875 fidelos
645 828 716 876 suos
738 810 784 875 ita
798 809 1006 875 animatorum
1021 810 1056 874 ub
1070 808 1110 874 ad
1124 809 1228 875 omnia
1249 809 1324 875 haee
1339 808 1393 875 do-

7 979 11 988 .
140 926 281 1011 pellenda
302 925 527 1011 promptissimi
549 927 580 991 eb
602 927 738 993 volentos
761 925 832 991 sint.
864 924 928 992 Nos
951 925 1074 1009 quidem
1089 925 1233 1010 quioquid
1254 925 1393 992 fortuna·

7 1097 12 1140 3
141 1063 210 1108 rum
234 1042 331 1109 animi
352 1042 473 1109 oonsilii
501 1041 590 1107 nobis
613 1059 631 1106 a
653 1041 718 1108 Deo
744 1059 880 1126 unquam
908 1041 1059 1108 tributum
1082 1042 1138 1122 est,
1167 1041 1200 1108 id
1222 1058 1312 1108 omne
1334 1057 1396 1106 una

7 1153 9 1158 ’
140 1179 212 1225 oum
234 1159 299 1225 viba
320 1159 388 1242 ipsa
402 1176 456 1242 pro
480 1177 534 1223 suo
550 1156 745 1224 sanctissimo
768 1157 899 1238 nomine,
921 1157 1045 1240 eiusque
1060 1158 1155 1225 eleeto
1178 1175 1271 1243 grego
1292 1157 1393 1226 libeu-

7 1251 11 1360 ζ
139 1274 263 1341 tissime
285 1293 404 1359 sempor
427 1292 532 1340 sumus
556 1273 730 1357 exposituri,
752 1274 895 1359 nulloque
917 1274 982 1340 looo
1005 1273 1166 1340 ohrisbiani
1188 1272 1322 1339 nominis
1344 1271 1394 1338 di·

7 1465 8 1470 ,
139 1390 257 1475 guibeti
279 1392 369 1476 atquo
393 1390 485 1455 saluti
508 1389 649 1456 defuturi
680 1389 727 1456 De
750 1389 860 1473 quibus
883 1389 1026 1456 omnibus
1048 1390 1143 1456 etiam
1166 1388 1394 1456 commissimus

7 1487 9 1492 ¹
139 1507 185 1572 idl.
202 1505 330 1573 Suessae
353 1505 421 1572 duoi
443 1506 564 1572 nostras
587 1505 680 1572 isthio
697 1505 780 1571 vioes
802 1505 916 1590 agenti,
938 1505 974 1570 ub
987 1505 1082 1572 ladius
1104 1524 1174 1572 oum
1198 1525 1221 1572 s.
1237 1524 1265 1571 v.
1285 1505 1393 1590 loqua-

139 1625 208 1699 tur;
231 1621 280 1688 oui
294 1620 387 1687 fidem
409 1621 521 1687 habere
537 1620 723 1706 dignabitur,
746 1623 837 1706 atque
859 1619 897 1687 de
919 1621 1008 1693 nobie
1024 1620 1148 1688 domum
1169 1639 1206 1688 ea
1220 1620 1395 1688 adstimaro

141 1757 221 1822 quea
243 1737 281 1803 de
303 1737 577 1822 obsequentissime
599 1737 663 1803 filio
686 1737 844 1822 almaeque
873 1736 966 1803 istim
994 1738 1178 1822 apostolieae
1201 1735 1289 1804 Sedis
1313 1737 1394 1822 rigi-

139 1853 317 1921 lantissimo
345 1855 436 1938 abque
465 1852 611 1919 anonimo
641 1853 797 1920 defensore
825 1852 907 1918 orodi
936 1852 1055 1920 dobant.
1099 1854 1141 1919 nt
1163 1854 1264 1920 valeat
1284 1872 1394 1938 quam·

140 1969 339 2037 faelicissimo
368 1989 395 2036 v.
419 1989 442 2036 s.
472 1971 611 2036 uotorum
640 1969 778 2036 omnium
808 1987 932 2036 snorum
961 1988 1092 2054 oompos.
1137 1970 1254 2036 Datum
1283 1969 1317 2036 in
1338 1969 1395 2036 oiv.

140 2087 248 2153 nostra
269 2084 369 2152 Tolobi
389 2085 439 2152 die
454 2085 517 2153 viii.
531 2085 620 2152 Junii
641 2104 720 2153 anno
735 2085 862 2153 Domini
875 2086 994 2154 mdxxu.
1024 2087 1201 2172 Regnorum
1222 2086 1396 2153 nostrornm

139 2202 275 2270 Romani
297 2205 390 2283 sexto,
412 2203 444 2268 eb
466 2203 596 2270 aliorum
619 2201 745 2270 deoimo.

232 2343 358 2412 Carolus
388 2345 492 2412 divina
513 2345 635 2413 favento
664 2345 826 2414 elementia
854 2347 970 2414 doetus
993 2347 1201 2414 Romanorum
1222 2329 1411 2431 imperator,'

142 2481 263 2548 semper
277 2463 434 2547 augustus,
457 2479 492 2528 ao
507 2460 698 2545 Germaniae,
712 2462 941 2548 Hispaniarum,
964 2463 1121 2549 utriusque
1135 2461 1268 2543 Siciliae,
1282 2461 1395 2529 Hiem-

143 2579 249 2660 solem,
272 2577 456 2664 Hungariue,
478 2579 662 2661 Dalmatiae,
685 2577 824 2647 &ostiae
841 2581 897 2646 ebo.
920 2599 980 2661 ren,
1003 2579 1148 2647 archidux
1162 2579 1314 2658 Ausinius,
1337 2577 1397 2644 dux

141 2695 348 2782 Burgundios,
370 2695 556 2792 Brabantiae
577 2697 610 2762 ab
630 2714 732 2764 eomes
755 2697 932 2782 Habspnrgi
954 2697 1010 2762 ete

1173 2811 1212 2879 El
1232 2811 1307 2898 Ray.

736 3049 811 3116 264.

468 3212 552 3274 Dux
574 3213 777 3274 sabaudiae
799 3211 972 3274 Clementi
995 3213 1068 3274 v11.

543 3333 556 3341 ·
582 3321 669 3410 (Iron
686 3322 780 3408 prino
796 3323 853 3390 HI.
873 3321 959 3410 175).

624 3437 690 3526 (22.
706 3437 794 3506 Jnnii
810 3438 920 3527 1525).

235 3597 389 3682 Quantum
412 3600 592 3668 abhorream
607 3600 805 3686 dampnatum
821 3601 944 3668 Leutori
967 3603 1082 3668 sectam
1098 3601 1396 3688 abioobissimamquo

143 3717 230 3784 illins
253 3718 285 3782 eb
307 3716 479 3801 sequabium
501 3715 634 3784 heresim
656 3718 707 3785 rix
730 3717 830 3784 verbis
861 3717 1011 3802 explicare
1031 3735 1154 3802 possem
1176 3738 1204 3802 p.
1227 3719 1256 3785 b.
1279 3717 1398 3803 Nempe
1501 3814 1503 3818 .

144 3833 198 3919 qui
227 3831 442 3900 devenerimus
471 3834 502 3900 et
532 3834 654 3901 sanotae
682 3835 819 3900 Romane
842 3834 976 3901 doolesie
1006 3834 1037 3899 et
1059 3852 1086 3900 v.
1111 3833 1286 3900 sanctitatis
1314 3833 1397 3900 filius

143 3949 239 4017 nudis
255 3947 366 4015 studiis
382 3968 517 4034 unquam
531 3950 580 4016 rol
595 3951 749 4034 obsequiis
764 3951 881 4035 passim
896 3969 1017 4035 parcere
1032 3968 1163 4035 possem,
1186 3969 1244 4034 que
1259 3948 1299 4016 ad
1313 3949 1398 4015 illius

143 4065 336 4132 auctoritatis
364 4065 563 4148 subibionem,
591 4066 828 4147 venerationem,
852 4067 970 4134 uultum
991 4066 1159 4151 pertinent,
1189 4085 1225 4132 aa
1246 4065 1397 4133 maiorum

145 4180 277 4266 vestigia
299 4181 440 4248 imitatus
463 4183 516 4266 qui
540 4201 595 4266 pro
616 4183 673 4248 illa
695 4201 790 4267 usque
812 4182 851 4249 ad
873 4183 1045 4267 proximum
1072 4182 1255 4268 sanguinem
1277 4182 1396 4248 midita-

143 4300 224 4366 runb
262 4295 339 4364 dum
361 4297 474 4380 numm,
496 4299 583 4384 pabor
604 4299 782 4366 beatissimo
803 4299 843 4365 ad
865 4301 987 4367 baubum
1002 4300 1086 4366 virus
1108 4299 1294 4385 inpropriis
1316 4299 1394 4365 mois

143 4415 268 4482 omnino
297 4415 535 4500 extinguendum
563 4416 595 4482 et
623 4416 845 4500 prohibendum
874 4416 1054 4484 eonveniens
1083 4417 1162 4484 mihi
1191 4417 1284 4496 foret,
1314 4435 1342 4483 v.
1373 4435 1396 4482 s.

144 4533 293 4598 auxilinm
316 4533 426 4599 saltem
450 4531 617 4618 spirituale,
647 4533 776 4598 facultas
799 4534 916 4600 soilioet
938 4533 1084 4600 adversm
1114 4533 1286 4618 praefatum
1307 4531 1396 4599 here·
