3396 5090
687 335 933 402 ..221-

271 526 367 594 Matri
388 527 470 612 regis
493 526 753 594 christianissimi
776 563 821 574 -
843 525 1017 594 Gratulatio
1040 526 1077 595 de
1099 527 1280 595 liberatione
1301 527 1367 594 filii
1390 565 1435 574 —

182 641 297 709 Mem
319 642 368 710 (lie
391 645 423 709 et
445 662 532 710 anno.
1005 637 1007 644 '

775 815 849 881 170.

631 954 789 1026 Reginae
810 953 993 1013 Franclae.

272 1079 446 1168 Carissimo.
492 1077 677 1146 Gratissimo
707 1080 817 1147 nuncio
846 1081 1019 1164 accepimus
1047 1079 1229 1147 charissimo
1258 1081 1291 1147 in
1314 1081 1436 1149 Christo
1509 1103 1511 1108 ·
1647 1091 1650 1098 “

182 1195 246 1261 filio
268 1197 372 1262 nostro
387 1195 548 1278 lhanoisco
571 1196 637 1281 regi
651 1197 837 1263 Francorum
851 1195 1108 1263 christianissimo
1130 1198 1218 1264 tuam
1241 1198 1437 1265 serenitatem

181 1309 265 1377 felici
286 1311 482 1378 matrimonio
504 1311 599 1378 fuisse
620 1311 829 1388 coniunctam
852 1330 922 1376 cum
945 1311 1028 1378 enim
1050 1311 1132 1396 regis
1154 1312 1252 1396 ipsius
1274 1314 1435 1398 praestan·
1545 1311 1549 1322 “
1664 1373 1672 1390 .

182 1426 338 1494 tissimanr
353 1427 499 1494 virtutem
514 1427 671 1512 cognitam
693 1428 870 1507 babeamus,
893 1427 930 1494 de
953 1429 984 1494 te
1006 1446 1077 1494 vero
1100 1428 1211 1512 tuaque
1225 1427 1387 1512 prudentia
1396 1430 1437 1495 et
1561 1425 1567 1438 '

181 1541 216 1610 in
237 1543 338 1610 Deum
360 1543 600 1628 omnipotentem
622 1543 736 1628 pietate
759 1563 795 1610 ac
809 1543 957 1629 religione
979 1563 1048 1610 eam
1063 1543 1238 1629 opinionem
1259 1545 1436 1629 conceptam

181 1657 216 1725 in
239 1657 340 1746 animo
363 1659 539 1737 habeamus,
566 1678 659 1745 quam
681 1659 819 1726 omnium
842 1658 1013 1728 communis
1036 1659 1143 1726 relatio
1168 1661 1200 1727 et
1222 1660 1293 1727 tuae
1313 1660 1435 1744 praete·
1562 1741 1566 1747 ,

182 1773 260 1838 ritae
274 1774 408 1841 actiones
423 1775 511 1841 nobis
527 1774 730 1856 insinuarunt,
754 1793 911 1859 speramus
927 1774 991 1841 Deo
1007 1774 1077 1841 freti
1099 1775 1342 1843 coniunctionem
1356 1775 1436 1842 hano

182 1891 316 1956 vestam
332 1891 491 1957 universae
513 1890 698 1957 christianae
713 1890 897 1974 reipublicae
920 1890 1112 1958 commodam
1133 1894 1164 1958 et
1180 1893 1346 1959 salutarem
1364 1891 1436 1972 fore,

183 2005 354 2090 liberosque
376 2025 412 2071 ex
435 2006 521 2072 vobis
542 2006 739 2091 progenitum
767 2007 808 2072 iri
829 2007 882 2092 qui
903 2006 1040 2091 paternis
1070 2007 1277 2093 maternisque
1306 2006 1438 2092 praediti

183 2120 348 2188 uirtutibus
363 2121 556 2189 memorabili
578 2122 679 2208 aliquo
695 2122 839 2189 beneficio
862 2142 1005 2207 praesens
1030 2123 1166 2190 seculum
1182 2122 1334 2200 afficiant3
1357 2123 1438 2209 qnod

183 2239 219 2302 ut
241 2236 328 2303 robis
357 2237 457 2304 fauste
486 2255 685 2322 prosperoque
708 2239 845 2317 eveniat
872 2257 927 2321 pro
949 2239 1054 2304 nostra
1086 2256 1207 2304 summa
1230 2257 1265 2304 ac
1289 2239 1439 2324 singulari

183 2371 257 2437 erga
278 2356 441 2438 utrumque
455 2354 592 2420 vestrum
614 2353 820 2422 beniuolentia
834 2354 935 2422 Deum
957 2353 1087 2422 eundem
1102 2353 1343 2438 omnipotentem
1363 2375 1437 2440 sup-

184 2468 279 2552 plices
301 2468 505 2554 deprecamur.
550 2469 679 2555 Tibique
710 2469 919 2554 significamus
943 2469 1124 2536 charissima
1153 2470 1228 2550 iilia,
1258 2470 1286 2538 si
1308 2471 1381 2557 quid
1403 2471 1437 2537 in

184 2584 273 2651 nobis
302 2585 350 2651 est
371 2587 403 2652 ot
424 2586 457 2651 in
483 2585 542 2651 hac
565 2584 677 2651 Sancta
700 2583 777 2652 Sede
806 2585 886 2671 quod
909 2585 967 2651 tibi
990 2587 1021 2652 et
1049 2585 1173 2670 coniugi
1195 2588 1248 2654 tuo
1279 2588 1437 2654 commodo

183 2700 292 2771 honori
320 2700 352 2768 et
374 2700 577 2767 satisfactioni
605 2720 672 2767 esse
701 2701 808 2786 possit
837 2719 892 2768 nos
921 2699 1127 2767 libentissimo
1157 2701 1260 2769 animo
1288 2704 1437 2788 quantum

183 2817 335 2882 Dominus
357 2816 547 2897 concesserit,
571 2816 681 2883 vestris
704 2817 784 2884 votis
807 2817 949 2884 omnibus
972 2836 1038 2884 esse
1061 2818 1264 2885 obsecuturos.
1310 2819 1358 2884 hd
1380 2819 1438 2886 hoc

184 2951 240 2998 nos
263 2931 398 2999 officium
421 2951 592 3017 munusque
613 2932 820 3018 exequendum
843 2933 1026 3000 miseramus
1042 2935 1108 2999 octo
1131 2933 1244 2999 abhinc
1258 2933 1366 3001 diebus
1383 2932 1437 3001 dil.

184 3047 284 3114 filium
299 3048 431 3115 Paulum
446 3047 617 3114 Victorium
632 3049 826 3132 capitaneum
850 3049 1024 3116 nostrarum
1039 3047 1221 3129 hiremiu'm,
1243 3051 1441 3138 quopropter

184 3164 325 3230 morbum
347 3163 469 3249 inipso
492 3163 601 3231 itinere
622 3164 778 3250 impedito,
809 3163 964 3230 mittimus
987 3183 1067 3231 nuno
1089 3163 1142 3230 <iil
1165 3164 1265 3230 filium
1287 3162 1438 3251 (lupinum

185 3279 223 3346 de
245 3279 335 3363 Cepis
358 3279 500 3365 equitem,
523 3280 679 3347 hominem
701 3280 791 3346 nobis
813 3283 845 3347 et
866 3280 926 3346 fide
949 3282 981 3347 et
1002 3279 1164 3365 pmdentia
1185 3280 1328 3366 inprimis
1350 3299 1437 3348 acce·

185 3396 282 3480 ptum,
314 3396 363 3462 cui
391 3395 485 3462 latius
508 3397 610 3462 mcum
632 3395 769 3482 loquenti
798 3400 894 3464 seam
918 3397 972 3462 tua
994 3395 1086 3462 fidem
1118 3414 1272 3463 summam
1301 3397 1435 3466 habebit.

185 3509 301 3577 Datum
324 3510 440 3577 Romae
461 3513 517 3578 etc.
541 3510 589 3578 die
612 3511 631 3577 i.
655 3510 763 3578 Martii
785 3510 917 3579 minui.
962 3514 1052 3578 Anno
1074 3511 1174 3578 tertio.

776 3747 848 3814 171.

280 3929 285 3939 .
603 3881 825 3946 Cancellarlo
848 3884 1031 3946 Franolae.

275 4012 414 4080 Dilectus
436 4011 538 4078 huten.
584 4011 740 4078 Mittimus
771 4011 823 4078 dil.
847 4011 891 4077 fil.
937 4009 1088 4095 (lupinum
1116 4010 1154 4079 de
1176 4011 1267 4096 Oapis
1296 4012 1445 4098 Equitem

186 4127 343 4196 hominem
371 4125 552 4213 pmdentem
573 4129 606 4194 et
633 4127 730 4194 fidum
763 4127 804 4193 ad
831 4127 928 4193 istum
959 4127 1254 4194 christianissimum
1281 4133 1442 4214 regamah
1562 4148 1568 4157 ·

186 4243 321 4310 nobilem
344 4243 504 4310 mulierem
526 4243 592 4311 eius
614 4244 754 4321 matrem,
777 4243 876 4308 multa
898 4242 936 4310 de
957 4243 1101 4327 periculis
1116 4241 1353 4310 christianitatis
1369 4244 1438 4312 Un-

186 4358 349 4445 gariaeque
376 4359 556 4443 praesertim
585 4377 662 4444 quae
684 4377 703 4424 a
724 4357 832 4425 iureis
860 4358 1026 4426 imminent
1053 4359 1183 4445 aliisque
1213 4357 1250 4426 de
1279 4361 1369 4426 rebus
1399 4353 1439 4426 ad

187 4474 313 4544 mutem
329 4473 484 4558 publicam
509 4475 640 4542 mlutem
655 4473 878 4559 pertinentibus
894 4493 964 4542 cum
980 4481 1061 4542 serie
1082 4475 1181 4560 ipsius
1203 4477 1318 4542 nostris
1338 4475 1439 4545 verbis
