3366 5084
696 361 919 430 ..47-

182 559 212 624 et
232 559 286 624 tua
309 557 433 623 virtutis
456 555 575 624 indoles
603 558 738 641 requirit.
792 555 879 636 Quod
901 575 970 621 vero
1000 555 1132 622 maxime
1154 553 1193 622 ed
1214 555 1382 622 utilitatem
1404 557 1436 620 et

181 675 331 759 privatam
355 675 441 738 tuam
463 676 495 738 et
516 692 709 739 communem
733 675 889 737 universae
904 672 1139 738 cluristianitatls
1162 673 1294 755 pertinet
1316 671 1347 738 id
1371 670 1433 737 cel·

183 790 347 855 situdinem
369 791 456 854 tuam
479 790 510 853 et
531 789 685 872 poscimus
708 790 740 854 et
761 788 920 853 hortamur
942 792 977 852 ut
999 788 1242 853 coniunctionem
1266 790 1301 853 ut
1323 789 1432 853 amiei-

181 906 257 970 tiam
279 907 315 970 ut
343 906 522 988 perpetuum
545 907 576 968 et
606 904 716 970 stabile
746 904 858 969 amoris
882 909 972 986 atque
995 903 1205 968 observantiae
1235 903 1340 968 foedus
1364 924 1434 971 cum

181 1021 245 1105 ipso
268 1021 399 1086 Henrico
427 1039 499 1103 rege
522 1021 669 1085 avunculo
692 1022 743 1084 tuo
766 1019 928 1094 custodiae,
958 1019 1011 1101 qui
1044 1038 1113 1084 cum
1135 1019 1169 1084 in
1197 1019 1281 1084 omni
1310 1038 1381 1085 cura
1404 1022 1434 1084 et

182 1137 281 1201 studio
312 1156 412 1200 verum
441 1139 564 1200 tuarum
594 1137 723 1218 tuaeque
751 1135 918 1199 firmandae
949 1135 980 1199 et
1008 1134 1240 1217 amplificandae
1269 1135 1432 1218 dignitatis

180 1271 302 1318 omnem
324 1269 458 1316 amorem
480 1251 514 1315 in
536 1254 566 1315 te
590 1251 686 1332 patris
710 1249 914 1316 amantissimi
941 1249 1088 1327 exhibeat,
1111 1251 1201 1318 tuum
1224 1251 1361 1316 vicissim
1385 1253 1433 1316 est

181 1367 290 1450 optimi
312 1366 370 1431 filii
392 1385 465 1450 erga
488 1386 557 1431 enm
588 1365 689 1430 studia
712 1365 868 1449 officiaque
891 1367 1053 1448 praestare,
1083 1385 1141 1449 quo
1164 1365 1287 1449 quidem
1311 1369 1434 1431 mutuae

180 1483 400 1548 benivolentiae
430 1482 698 1564 observantiaeque
726 1481 847 1546 vinmlo
876 1482 1011 1563 primum
1040 1501 1087 1546 res
1119 1481 1206 1564 regni
1228 1481 1274 1546 tui
1305 1481 1432 1547 stabiles

181 1599 270 1682 atque
292 1598 484 1681 tranquillae,
514 1597 621 1663 deinde
644 1596 853 1662 christianitas
876 1599 941 1661 tota
965 1615 1111 1680 magnum
1142 1597 1275 1662 fructum
1297 1597 1432 1680 accipiet

179 1732 256 1798 quae
278 1732 358 1779 nunc
380 1714 470 1778 bellis
485 1731 698 1797 usquequaque
713 1713 743 1776 et
760 1711 918 1777 discordiis
941 1712 1081 1790 lacerata,
1105 1730 1215 1777 nomen
1230 1711 1332 1795 ipsum
1348 1713 1432 1796 pacis

178 1829 370 1913 fructumque
399 1830 533 1912 aliquem
562 1827 736 1894 concordiae
759 1830 790 1892 et
812 1827 1019 1893 consensionis
1048 1827 1080 1891 11
1106 1827 1191 1892 vobis
1220 1827 1337 1894 duobus
1360 1830 1431 1894 tan-

178 1964 271 2029 quam
293 1945 464 2028 exemplum
487 1946 518 2010 et
539 1944 665 2010 initium
680 1943 851 2009 communis
874 1942 1093 2026 pacificationis
1117 1942 1199 2008 felici
1222 1942 1356 2026 auspicio
1377 1963 1429 2008 ae-

177 2063 300 2144 ceptura
323 2062 377 2125 est.
402 2057 557 2139 Quantum
580 2060 683 2124 autem
705 2057 855 2124 commodi
872 2077 906 2123 ex
922 2057 1057 2122 amicitia
1083 2059 1161 2122 iuter
1175 2057 1325 2124 finitimos
1341 2077 1430 2142 prae·

179 2177 286 2242 sertim
316 2177 347 2240 et
369 2175 547 2259 cognatione
577 2176 661 2239 areta
683 2174 802 2238 iunctos
832 2173 978 2256 capiatur,
1008 2175 1157 2257 quantum
1180 2193 1215 2238 ex
1238 2173 1363 2240 adverso
1393 2175 1431 2240 ob

179 2290 345 2356 discordias
375 2288 593 2354 detrimentum
621 2291 676 2353 tua
698 2287 854 2365 celsitudo,
879 2288 952 2352 lieet
974 2290 1073 2353 aetate
1097 2288 1195 2352 iunior
1218 2289 1267 2367 sit
1297 2290 1433 2356 bonitate

178 2409 283 2472 tamen
304 2405 422 2490 ingenii
443 2405 506 2468 iam
529 2405 629 2487 potest
652 2403 830 2487 intelligere.
862 2402 927 2467 Nos
950 2405 1038 2482 certe,
1062 2404 1171 2486 quibus
1190 2405 1322 2469 maxime
1345 2425 1433 2471 curae

179 2523 226 2587 ast
247 2540 354 2605 paoem
383 2521 414 2585 et
437 2520 678 2585 benevolentiam
702 2521 733 2583 et
756 2518 915 2583 conciliare
945 2519 1056 2603 ubique
1079 2523 1110 2584 at
1133 2519 1325 2585 conciliatam
1357 2539 1430 2586 oon-

179 2655 305 2713 servare,
334 2637 458 2719 paterno
482 2636 584 2700 animo
607 2635 874 2700 111111111111111
899 2636 932 2698 ut
954 2635 999 2699 tui
1023 2634 1164 2700 1111111111
1187 2635 1317 2719 Angliae
1350 2636 1432 2720 regis

179 2751 322 2816 eximiam
339 2750 371 2815 in
394 2752 515 2834 tequae
531 2751 618 2815 nobis
641 2751 714 2815 nota
729 2753 758 2815 ot
777 2750 885 2814 multis
910 2749 1007 2833 signis
1024 2750 1085 2814 iam
1101 2753 1258 2833 perspecta
1273 2752 1321 2816 est
1335 2753 1428 2818 bene-

180 2867 344 2932 volentiam
366 2867 398 2930 et
420 2866 634 2930 charissimam
664 2865 775 2930 habere
798 2866 828 2929 et
850 2867 1026 2948 perpetuam
1057 2865 1182 2931 studeas
1202 2865 1338 2932 retinere.
1392 2867 1429 2933 11

178 3001 235 3066 quo
250 3001 400 3066 magnum
415 2999 531 3064 quoque
547 2982 634 3044 tuum
657 2999 729 3063 erga
751 2999 807 3044 nos
830 2979 892 3064 ipsi
912 2979 1045 3044 officium
1063 2981 1180 3046 sensuri
1202 3001 1323 3047 sumus:
1347 2984 1433 3049 tanta

178 3098 260 3164 enim
285 3099 358 3162 sunt
379 3096 464 3160 illius
494 3095 658 3160 clarissimi
681 3097 712 3160 et
734 3095 931 3160 invictissimi
954 3096 1035 3180 regi:
1059 3115 1132 3180 erga
1154 3115 1209 3162 nos
1233 3101 1263 3161 et
1287 3097 1432 3164 Sanctam

181 3211 290 3278 Sedem
313 3211 512 3296 apostolicam
536 3211 652 3289 merita,
676 3214 710 3276 ut
725 3228 785 3276 non
800 3212 902 3294 ipsum
925 3211 1024 3276 solum
1048 3212 1100 3276 sed
1124 3231 1327 3297 quaecumque
1350 3213 1434 3280 illius

179 3331 250 3392 sunt
265 3330 320 3392 aut
335 3327 425 3392 illum
440 3344 557 3410 quoquo
573 3326 695 3391 nomine
710 3326 837 3392 titulove
853 3327 1011 3410 attingvmt
1027 3327 1205 3410 gratissima
1221 3329 1434 3412 acceptissima

179 3443 359 3508 charissima
390 3461 508 3525 semper
530 3441 626 3506 simus
656 3441 806 3506 habitmi:
837 3443 957 3507 nullum
986 3443 1069 3507 enim
1092 3445 1140 3508 111
1162 3463 1260 3527 genus
1284 3445 1432 3530 obsequii,

179 3561 282 3626 nullus
305 3558 413 3623 modus
437 3557 654 3634 observantiae,
685 3558 770 3622 nulla
793 3555 887 3623 oflicii
908 3559 1092 3641 praestanda
1115 3561 1193 3624 ratio
1216 3579 1275 3644 qua
1298 3579 1358 3626 non
1381 3561 1434 3627 ille

179 3694 233 3739 nos
256 3677 287 3739 et
310 3674 388 3738 hanc
404 3671 550 3737 Sanctam
565 3670 674 3737 Sedem
697 3671 862 3738 demeritus
877 3672 984 3738 fuerit:
1006 3673 1089 3739 idem
1104 3675 1199 3740 armis
1214 3675 1295 3741 idem
1318 3676 1432 3742 litteris

182 3787 253 3854 Sedi
269 3789 452 3872 apostolicae
468 3787 553 3852 (111111
569 3788 755 3871 temporibus
772 3807 831 3853 non
848 3788 952 3866 defuit,
975 3789 1056 3855 idem
1072 3792 1215 3873 perpetuo
1238 3793 1268 3856 et
1284 3791 1435 3875 singulari

179 3905 263 3970 cultu
286 3905 374 3969 illam
389 3905 564 3987 prosecutus
580 3905 627 3968 est
650 3906 684 3968 ut
699 3906 848 3987 quantum
864 3905 912 3969 illi
934 3904 1098 3970 debeamus
1121 3906 1171 3970 viu
1185 3906 1339 3989 possimus
1356 3907 1433 3972 scri·

180 4020 275 4085 bando
306 4037 557 4096 commemorare;
581 4039 674 4102 quam
696 4020 790 4084 etiam
813 4020 893 4085 inter
922 4039 978 4085 nos
1002 4022 1138 4087 omnium
1168 4021 1337 4088 officiorum
1360 4042 1434 4088 eon·

179 4135 364 4201 lunationem
379 4134 508 4199 dilectus
523 4135 606 4199 lilius
622 4137 724 4200 noster
739 4135 872 4201 Thomas
888 4136 1051 4202 cardinahs
1067 4137 1267 4204 Eboraeensis
1282 4141 1387 4205 noster
1404 4140 1436 4205 et

184 4249 270 4316 Sedis
294 4250 475 4334 apostolieae
499 4251 532 4316 in
555 4250 660 4314 eodem
683 4269 775 4334 ragno
798 4251 918 4336 legatus
949 4271 1003 4317 sua
1025 4253 1175 4336 prestanti
1205 4255 1355 4338 sapientia
1378 4256 1436 4322 alit

183 4368 213 4431 et
228 4367 367 4450 adauget
391 4385 481 4449 quem
497 4366 591 4430 etiam
614 4367 766 4431 sensimus
782 4367 973 4432 celsitudinis
996 4369 1065 4432 tuae
1082 4368 1341 4435 studiosissimum
1361 4390 1435 4436 esse.

182 4479 256 4546 Cum
279 4500 352 4566 ergo
374 4481 442 4568 ipse
464 4499 515 4546 rex
531 4481 681 4547 Henrieus
703 4481 741 4546 de
756 4482 931 4549 huiusmodi
947 4483 1200 4560 monasteriorum
1223 4484 1256 4549 in
1271 4486 1323 4549 tuo
1342 4503 1435 4574 regno
