3380 5088
686 357 837 424 -959
885 391 928 404 -

179 571 256 639 qne
278 553 359 619 altas
381 551 545 637 appellant,
568 552 608 618 ad
629 556 767 618 restrum
784 551 921 618 ordinem
944 553 1139 636 pertinentes,
1162 551 1274 638 quibos
1290 551 1431 632 venditis,

180 687 326 754 magnam
348 668 493 752 meraniae
515 685 669 734 mmmarn
692 667 761 752 cogi
783 687 881 751 posse,
903 671 939 734 ut
957 669 1067 735 restris
1090 669 1212 734 tantum
1228 667 1344 734 viribus
1367 687 1432 735 rem

179 785 305 871 aggredi
327 784 467 868 possetis,
498 785 525 849 si
547 783 687 850 deessent
708 783 881 869 principum
910 784 1037 861 aurilia;
1067 783 1294 869 reditnmmque
1324 783 1433 852 deinde

179 905 210 969 te
232 899 356 967 Niciam
377 919 483 967 mense
497 899 597 982 Aprili
620 898 659 964 ad
674 899 873 966 ordinandam
896 901 930 966 in
951 900 1081 968 eundem
1103 919 1242 967 mensem
1256 901 1431 985 Augustum

179 1017 415 1102 expeditionem
439 1035 474 1081 ac
496 1035 534 1082 ne
556 1016 684 1081 consilia
707 1019 808 1082 restra
831 1035 850 1081 a
873 1033 1025 1101 quoquam
1048 1017 1190 1102 cognosci
1205 1018 1258 1082 aut
1280 1017 1433 1083 enuntiari

179 1134 312 1217 possent,
339 1131 489 1198 indictum
512 1133 548 1196 nt
569 1131 601 1196 in
624 1131 765 1198 omnibns
795 1132 989 1216 prioratibus,
1018 1136 1192 1212 conventus,
1223 1152 1276 1199 seu
1298 1133 1432 1216 capitula
1456 1187 1462 1200 .

178 1249 377 1335 provincialia
399 1251 471 1314 ante
494 1249 644 1313 statutum
668 1249 789 1331 tempus
812 1249 1043 1328 celebrarentur,
1067 1249 1177 1333 quibus
1192 1249 1343 1333 perfectis,
1366 1268 1433 1314 esse

110 1359 112 1362 ’
180 1366 239 1431 tibi
261 1365 294 1430 in
316 1363 419 1430 animo
441 1361 583 1430 Melitam
605 1363 757 1447 navigare,
782 1362 1057 1448 destinandnmque
1079 1365 1204 1430 interim
1226 1366 1260 1431 in
1275 1364 1432 1432 Orientem

179 1483 296 1546 certum
319 1479 484 1555 bominem,
507 1478 560 1562 qui
581 1479 697 1544 amicos
719 1478 810 1544 huius
832 1481 981 1546 mactatus
1003 1479 1167 1564 participes
1189 1481 1223 1546 in
1238 1480 1336 1547 officio
1358 1497 1431 1546 oon-

180 1595 323 1664 brmaret.
347 1592 431 1675 Quas
446 1594 549 1660 omnia
564 1612 634 1660 cnm
650 1613 669 1660 a
684 1594 841 1662 devotione
856 1597 910 1662 tna
924 1594 1090 1680 prudenter
1103 1596 1178 1673 fieri,
1201 1616 1256 1662 nec
1271 1598 1309 1663 ob
1325 1615 1432 1662 causas

180 1729 255 1794 quas
277 1711 435 1776 asserebas
458 1729 524 1776 rem
540 1710 690 1776 maturius
713 1711 820 1794 exequi
833 1729 923 1796 posse
938 1711 1118 1790 rideremus,
1141 1712 1313 1795 accepimns
1336 1711 1430 1776 satis·

179 1826 343 1893 ameum
365 1827 461 1903 tuam,
490 1825 726 1909 remisimnsqne
748 1826 788 1891 ad
809 1828 841 1891 tc
864 1826 994 1893 eundem
1015 1827 1051 1892 fr.
1067 1827 1236 1893 Antonium
1259 1845 1330 1892 cum
1353 1846 1430 1893 non-

180 1941 275 2008 nullis
298 1941 369 2006 aliis
395 1939 628 2025 provisionibus,
657 1960 734 2026 quae
757 1943 815 2008 bibi
838 1941 876 2008 ad
898 1942 931 2007 id
953 1944 1138 2027 opportunae
1160 1942 1350 2020 ridebantur,
1380 1943 1433 2026 qui

180 2059 282 2124 mum
303 2057 337 2124 in
360 2055 505 2134 Gallim,
528 2059 620 2140 atque
641 2057 790 2142 Angliam
811 2057 971 2142 profectus,
994 2058 1175 2143 cognitaque
1198 2077 1302 2124 eorrun
1325 2076 1432 2143 regum

181 2173 298 2257 optima
320 2173 484 2250 voluntate,
506 2171 540 2238 in
555 2172 740 2256 Hispaniam
762 2173 801 2240 ad
824 2189 947 2241 cur.¹uum
970 2173 1004 2240 in
1026 2172 1147 2240 Christe
1170 2173 1270 2240 filium
1292 2175 1432 2240 nostrum

181 2288 313 2355 electum
335 2289 551 2372 imperatorem
573 2287 703 2372 indeque
725 2289 765 2355 ad
787 2289 996 2374 Portogalliae
1025 2308 1130 2375 regem
1151 2289 1236 2369 adiit,
1266 2287 1433 2374 inquibus

182 2423 252 2471 cum
274 2423 380 2488 parem
395 2404 585 2476 ‚voluntatem
607 2405 767 2471 offenderit
789 2423 825 2472 ao
841 2406 998 2490 singulare
1022 2405 1160 2472 studium
1183 2406 1275 2472 huius
1291 2421 1367 2471 emta
1382 2425 1434 2472 er-

181 2519 346 2604 peditionis
368 2519 565 2600 adiuvandae,
588 2538 727 2586 reversus
750 2522 799 2587 eet
823 2520 862 2585 ad
884 2539 949 2600 nos,
972 2541 1042 2588 cnm
1064 2520 1241 2588 eorumdem
1265 2521 1437 2605 principum

181 2635 304 2715 litteris,
326 2635 437 2720 quibus
453 2653 636 2719 magnopere
651 2636 760 2702 laetati
775 2655 889 2703 snmus.
934 2635 1039 2703 Rediit
1053 2637 1149 2704 etiam
1167 2656 1228 2703 una
1244 2655 1314 2702 cnm
1330 2637 1437 2703 eodem

181 2751 275 2818 fratre
298 2750 431 2818 Antonio
454 2751 482 2815 is
498 2751 550 2834 qui
573 2751 708 2835 proxime
731 2751 770 2817 ad
785 2752 984 2818 continendos
1006 2752 1040 2819 in
1061 2752 1162 2819 officio
1177 2753 1292 2820 amicos
1315 2753 1436 2819 nostes

183 2867 221 2932 ad
243 2869 347 2952 partes
370 2867 496 2933 orientis
519 2867 634 2932 missus
657 2869 731 2945 erat,
753 2868 807 2952 qni
828 2867 895 2934 illic
915 2886 983 2934 rem
1005 2867 1120 2946 eodsnu
1144 2886 1180 2934 ac
1202 2867 1322 2934 meliori
1344 2886 1435 2951 quam

182 3001 317 3067 unquam
339 2983 430 3048 antea
444 2982 510 3049 loco
533 2981 628 3050 fnisse
644 2983 786 3066 repperit,
811 2983 838 3047 si
853 2982 994 3067 degum
1016 2983 1152 3066 proxime
1167 2982 1271 3066 elapso
1286 2981 1438 3065 expeditio

183 3099 265 3165 esset
287 3101 436 3182 suscepta
474 3097 512 3163 In
534 3115 593 3181 quo
615 3099 698 3164 certo
721 3097 835 3165 scimus
858 3097 950 3164 der.ni
974 3099 1121 3164 tnaenon
1144 3097 1276 3164 debuisse
1292 3096 1437 3174 studium,

183 3215 274 3298 atque
289 3211 427 3290 ardorem
448 3213 494 3279 rei
508 3213 717 3297 perficiendae,
741 3213 794 3280 sed
809 3214 920 3281 multis
933 3213 1062 3280 obiectis
1076 3212 1306 3297 impedimentis
1321 3211 1437 3276 diutius

183 3347 276 3412 quam
290 3329 393 3408 vellet,
416 3329 454 3394 ob
477 3347 584 3394 causas
600 3347 676 3412 quas
698 3327 781 3394 idem
804 3328 840 3394 fr.
856 3329 1009 3395 Antonius
1031 3329 1119 3394 nobis
1133 3327 1262 3405 rettulit,
1286 3328 1319 3394 in
1334 3325 1437 3392 Gallia

183 3442 356 3527 Angliaque
370 3445 531 3521 retentam,
546 3443 713 3528 deindeque
722 3464 791 3510 cum
801 3444 840 3510 ad
855 3443 978 3512 Niciam
993 3445 1106 3511 rediret
1114 3443 1257 3528 Lugduni
1270 3445 1437 3528 ingranam

184 3559 406 3644 aegritudinem
421 3559 575 3638 incidisse,
598 3579 658 3645 qna
680 3560 733 3626 diu
748 3561 956 3628 conflictatum
977 3560 1113 3628 nondum
1134 3561 1225 3644 plane
1239 3559 1437 3627 convaluisse.

185 3672 270 3754 Quae
291 3673 416 3759 quidem
439 3677 493 3742 tna
515 3675 642 3748 aduersa
664 3675 805 3742 valetudo
829 3695 900 3744 cnm
921 3676 994 3744 hnic
1016 3677 1140 3760 amacio
1155 3675 1348 3744 incommoda
1371 3677 1437 3740 tum

184 3789 274 3856 nobis
295 3790 517 3858 molestissima
539 3791 658 3870 amidit,
682 3791 737 3857 aed
752 3809 910 3876 speramus
933 3793 1039 3858 temen
1053 3791 1231 3857 duraturam
1247 3790 1374 3858 eandem
1394 3789 1439 3856 rei

184 3905 385 3988 padaisndae
407 3907 598 4003 amasionum
620 3907 660 3972 ad
682 3907 855 3991 proximum
878 3926 940 3988 rer,
971 3907 1061 3974 modo
1084 3925 1119 3974 eo
1143 3907 1251 3975 armori
1282 3907 1383 3972 studio
1405 3907 1438 3971 in

185 4021 242 4088 boc
261 4020 478 4089 incumbamus
493 4041 552 4107 quo
575 4022 675 4088 maius
699 4024 747 4089 est
769 4021 803 4088 in
817 4040 903 4088 mora
925 4023 1110 4106 perieulum
1132 4043 1274 4090 veremur
1295 4022 1378 4089 enim
1401 4041 1439 4088 ne

185 4137 314 4205 consilia
335 4139 440 4204 nostm
462 4141 563 4206 tractu
591 4138 737 4223 temporis
760 4138 902 4204 hostibus
924 4139 1027 4224 aliqua
1057 4140 1107 4206 via
1129 4139 1334 4218 enuntientur,
1364 4158 1439 4205 nere

186 4253 283 4320 amici
300 4253 349 4320 bis
371 4253 435 4320 iam
457 4257 578 4321 restrae
600 4253 675 4322 illuc
697 4253 893 4339 profectionis
923 4272 977 4337 spe
999 4255 1139 4322 busbati
1169 4273 1236 4322 sese
1257 4255 1361 4320 animo
1383 4253 1438 4320 de·

186 4370 321 4435 mittant
369 4369 499 4453 ideoque
529 4389 650 4436 summa
672 4387 728 4453 ope
751 4387 787 4436 ao
808 4369 911 4434 studio
933 4369 1033 4436 adniti
1061 4369 1217 4450 debemus,
1240 4373 1276 4437 nt
1297 4369 1439 4436 omnibus

186 4487 466 4570 adprobationem
489 4485 669 4552 necemariis
692 4485 750 4552 heo
772 4487 883 4569 hyeme
897 4486 1089 4570 comparatis,
1112 4487 1236 4553 ineunte
1259 4503 1337 4562 rere,
1359 4483 1440 4566 qnod

1223 4592 1279 4662 17*
