3380 5088
792 337 1038 408 -270-

286 542 339 619 pio
368 535 504 620 tempore
533 535 743 614 obtentorum,
772 536 806 601 et
832 535 907 602 effi
933 533 972 601 de
999 535 1109 620 quitus
1140 535 1200 602 sihi
1228 536 1395 616 videretur,
1425 536 1539 622 poenis,

285 651 381 719 etiarn
395 649 586 735 pecuiaeiis,
609 649 783 730 mandandi,
806 670 840 717 ac
855 651 1022 718 terminum
1037 650 1077 718 ad
1099 652 1130 716 id
1145 652 1381 737 praefigendum,
1403 654 1435 720 et
1449 671 1538 736 prae-

285 767 379 834 drum
403 767 508 846 semel,
530 767 562 833 et
590 767 714 850 pluries,
737 785 773 832 ac
796 767 915 851 quoties
939 767 999 833 ribi
1022 767 1182 846 rideretur,
1211 767 1402 852 prorogandi,
1431 769 1463 834 et
1484 787 1538 852 pro

285 881 421 948 eiusdem
444 883 568 967 quintae
591 881 688 966 partis
710 881 874 961 motuum,
896 881 1079 961 reddituum,
1102 885 1134 948 et
1155 885 1356 968 proventuum
1370 883 1485 964 leviori,
1508 886 1539 949 et

285 998 415 1064 molliori
444 999 606 1076 exactione,
629 1017 734 1077 unum,
763 1000 813 1065 rel
834 998 946 1082 plures,
976 1017 1012 1064 ac
1033 1001 1081 1064 tot
1102 1001 1176 1083 quot
1199 999 1259 1066 sibi
1282 1000 1434 1066 rideretur
1463 1001 1537 1066 sub·

286 1115 470 1194 collectores,
494 1115 545 1199 qui
567 1115 642 1198 pari,
665 1133 725 1198 que
746 1115 812 1199 ipse
834 1115 939 1194 abbas,
969 1114 1120 1182 dictarum
1142 1115 1344 1199 posteriorum
1366 1116 1537 1182 litterarum

286 1231 390 1316 rigore
404 1231 494 1315 iungi
507 1231 635 1314 poterat,
655 1231 855 1314 iungerentur
869 1231 1023 1310 facultate,
1039 1234 1103 1296 tam
1119 1231 1310 1316 generaliter,
1326 1251 1418 1316 qnam
1436 1232 1537 1298 nomi·

286 1345 385 1414 natim
403 1347 436 1413 in
460 1347 559 1430 speeie
582 1345 756 1429 deputandi,
780 1349 812 1413 et
826 1347 985 1431 deputatos
1009 1347 1177 1424 amovendi,
1200 1347 1323 1414 etalios
1345 1366 1449 1414 eorum
1464 1347 1537 1426 loco,

287 1463 405 1546 quoties
429 1463 488 1528 tibi
512 1461 672 1539 videretur,
703 1463 891 1547 surrogandi,
921 1483 976 1530 nec
998 1481 1058 1530 non
1081 1463 1222 1548 quintam
1244 1465 1361 1548 partem
1384 1462 1537 1529 fructuum

286 1577 465 1645 huiusmodi
480 1579 595 1644 solvere
610 1581 793 1658 recusantes,
812 1580 842 1645 et
856 1578 1038 1657 differentes,
1060 1581 1092 1644 et
1106 1579 1289 1663 generaliter
1303 1578 1538 1646 contradictores

185 1686 188 1692 ’
285 1694 446 1778 quoslibet,
469 1695 500 1758 et
514 1692 635 1772 directe,
658 1695 706 1760 rel
721 1693 875 1771 indirecte,
898 1695 1126 1772 resolveretur,
1150 1693 1374 1777 persuadentes,
1396 1711 1450 1778 per
1463 1711 1535 1759 cen-

286 1829 387 1878 suram
403 1809 650 1887 ecclesiasticam,
674 1813 705 1876 et
719 1810 781 1876 alia
797 1811 965 1894 opportune
979 1810 1056 1876 iuris
1072 1809 1213 1888 remedie,
1231 1810 1433 1895 appellatione
1448 1811 1535 1892 post-

284 1927 384 2010 posita
407 1925 624 2010 compescendi,
648 1925 786 1991 invocato
809 1925 912 2004 etiarn,
937 1925 964 1990 si
985 1944 1061 2008 opus
1083 1925 1169 2003 foret,
1192 1925 1305 1991 auxilio
1327 1925 1444 1990 brachii
1466 1943 1535 1990 aas·

285 2042 406 2120 culmis,
429 2045 460 2108 et
482 2041 544 2108 alia
573 2043 646 2106 tunc
669 2059 810 2124 expressa
839 2040 970 2107 facundi
999 2041 1177 2108 facultatem
1206 2041 1363 2120 concessit,
1392 2043 1482 2125 prout
1503 2041 1536 2106 in

286 2157 417 2242 singulis
440 2157 552 2223 litteris
574 2156 745 2240 praedictis,
768 2156 927 2241 inquibus
949 2157 1046 2223 voluit
1068 2157 1147 2242 qnod
1162 2157 1307 2242 pecuniae
1329 2176 1364 2223 er
1387 2156 1536 2222 metibus

285 2273 500 2340 beneficiorum
522 2271 698 2339 huiusmodi
720 2271 908 2357 colligendas
937 2273 971 2338 in
993 2291 1053 2340 una
1075 2291 1166 2356 capsa
1187 2273 1222 2340 in
1243 2271 1379 2357 qnalibet
1408 2271 1538 2338 dioeoesi

284 2389 487 2456 dominiorum
504 2406 627 2454 suorum
643 2389 699 2454 sub
715 2389 814 2454 tribus
829 2388 965 2455 clavibus
989 2408 1042 2472 per
1056 2390 1118 2454 tres
1132 2390 1206 2455 tunc
1220 2407 1376 2474 expressos
1398 2386 1539 2454 tenendis

285 2504 365 2589 poni,
387 2503 479 2571 etde
501 2523 592 2588 capsa
607 2503 734 2570 minime
758 2505 877 2570 extrahi
899 2504 1051 2584 deberent,
1074 2505 1136 2570 nisi
1157 2524 1227 2571 cum
1242 2504 1412 2571 inventario
1434 2521 1536 2570 coram

285 2620 410 2702 notario,
434 2621 465 2686 et
486 2619 626 2699 testibus,
650 2621 681 2686 et
703 2619 773 2686 aliis
803 2621 940 2704 personis
963 2619 1023 2686 fida
1044 2619 1147 2705 dignis
1170 2619 1368 2696 conficiendm
1399 2619 1537 2706 qnodque

284 2737 323 2802 ab
345 2735 520 2804 eorumdem
543 2735 654 2802 ducum
670 2735 812 2802 manibus
835 2754 895 2802 non
918 2735 1102 2816 devenirent
1125 2736 1187 2802 nisi
1207 2753 1261 2820 pro
1283 2735 1366 2802 dicta
1387 2733 1460 2802 fidei
1481 2733 1536 2800 de-

284 2849 428 2930 fensione,
451 2851 571 2935 plenius
594 2851 773 2918 continetur.
820 2850 897 2917 Onm
920 2853 1023 2918 autem
1046 2852 1137 2935 paulo
1159 2852 1229 2936 post
1251 2851 1351 2918 dictus
1373 2850 1536 2927 Adrianus,

284 2968 364 3036 sicut
385 2967 518 3034 Domino
540 2967 664 3050 placuit,
687 2965 725 3032 de
747 2966 847 3032 medic
872 2967 1011 3034 sublatus
1026 2966 1127 3046 fuerit,
1150 2968 1182 3033 et
1203 2984 1268 3045 nos,
1290 2966 1395 3032 divine
1417 2967 1537 3032 terente

283 3083 454 3162 clementia,
477 3083 516 3148 ad
540 3081 653 3148 summi
682 3083 871 3166 apostolatus
895 3083 1011 3167 apicem
1035 3082 1195 3167 assumpti,
1224 3101 1430 3167 quascumque
1452 3081 1535 3148 dcci·

284 3218 413 3277 marum
436 3201 467 3266 et
489 3216 615 3264 onerum
638 3197 857 3280 impositiones,
880 3215 957 3282 qnae
980 3199 1018 3263 ab
1041 3197 1107 3281 ipso
1129 3196 1364 3281 praedecessore,
1387 3197 1481 3264 suam
1503 3197 1537 3261 in

284 3314 456 3382 subsidium
478 3312 677 3398 expeditionis
699 3314 798 3380 cartre
815 3313 930 3380 Tuscae
952 3315 1177 3394 emanaverunt,
1198 3315 1230 3378 et
1250 3315 1319 3380 tum
1342 3331 1431 3397 super
1453 3311 1535 3378 deci·

283 3448 413 3510 marum,
436 3432 468 3497 et
482 3448 608 3496 onerum
623 3427 799 3496 huiusmodi
820 3429 976 3496 emenone
991 3447 1149 3496 concessas
1164 3429 1326 3495 misimus
1348 3427 1535 3495 revocareri-

283 3563 362 3624 mus,
386 3546 429 3612 sic
452 3544 531 3630 quod
553 3545 675 3612 debitus
697 3545 903 3629 posteriorum
921 3545 1096 3612 litterarum
1118 3544 1292 3612 huiusmodi
1315 3545 1438 3610 effectus
1461 3543 1535 3610 sut-

284 3661 370 3746 sequi
384 3660 569 3746 nequiverim
592 3660 657 3727 Nos
672 3659 873 3739 attendentes,
896 3660 976 3745 quod
990 3679 1107 3741 causae,
1129 3661 1253 3745 propter
1265 3679 1341 3746 quas
1355 3658 1537 3744 posteriores

283 3775 404 3848 litterae
426 3775 597 3860 praedictae
619 3793 778 3842 concessae
801 3775 933 3854 fuerumt,
960 3775 1059 3842 adhuc
1081 3777 1205 3842 subesse
1228 3776 1400 3854 noscuntur,
1423 3792 1459 3840 ac
1481 3793 1535 3839 cu·

282 3892 401 3976 menes
423 3891 558 3975 periculo
581 3891 834 3960 christifidelibus
850 3890 988 3971 ducatus,
1011 3891 1148 3968 dominii,
1172 3893 1331 3969 terrarum,
1353 3891 1385 3956 et
1403 3892 1537 3957 locorum

283 4007 506 4092 praedictorum
520 4007 704 4087 imminenti,
726 4009 876 4092 quantum
898 4027 968 4074 cum
983 4007 1047 4072 Deo
1070 4024 1242 4090 possumus,
1264 4025 1432 4082 occurrere;
1453 4006 1486 4071 at
1499 4022 1537 4071 ne

282 4125 405 4208 propter
426 4123 648 4192 revocationem
670 4124 808 4190 nostram
831 4121 1007 4188 huiusmodi
1029 4121 1066 4188 de
1089 4121 1205 4188 viribus
1226 4121 1365 4205 ips'arcrn
1386 4121 1535 4204 posterita-

283 4257 353 4306 rnm
374 4238 548 4306 litterarum
564 4240 665 4306 valeat
687 4238 842 4316 haesitari,
864 4236 1029 4322 previdere,
1051 4236 1278 4321 impositionem
1294 4237 1418 4322 quintae
1440 4235 1537 4319 partis

283 4353 420 4420 omnium
437 4354 590 4422 fructuum
606 4355 696 4422 unius
718 4353 832 4438 integri
846 4353 921 4420 anni
936 4353 1145 4432 melmiarum,
1165 4352 1427 4431 monasteriorum,
1443 4351 1535 4418 bana·

283 4469 430 4548 flciorcm,
452 4475 484 4536 et
499 4470 710 4558 religiosorum
725 4471 861 4536 locorum
875 4468 1054 4538 huiusmodi,
1066 4471 1105 4536 ab
1120 4467 1364 4552 archiepiscopis,
1378 4467 1538 4551 episcopis,
