3396 5090
715 311 960 379 -181-

207 507 243 572 ut
266 503 403 573 Caesaris
426 505 524 589 ipsius
548 506 714 593 sapientiae
736 507 768 573 et
790 508 822 574 in
845 526 901 574 nos
924 507 1008 592 ipsos
1023 509 1161 593 hancque
1184 508 1330 576 Sanctam
1353 508 1463 575 Sedem

209 623 343 708 optimae
372 622 541 690 voluntatis
570 622 687 689 fructus
718 623 957 690 iicernerentur
986 645 1061 709 quos
1085 626 1217 692 maxime
1247 625 1463 703 desideramus,

208 759 244 806 er
266 738 377 824 quibus
399 738 541 806 videlicet
563 759 624 806 non
646 738 737 806 modo
761 737 848 806 Sedis
872 742 1056 827 apostolicae
1071 743 1216 827 dignitas,
1240 763 1346 810 vorum
1368 742 1463 808 etiam

208 855 394 924 christianae
422 855 606 941 reipublicae
634 856 844 941 tranquillitas
867 875 940 942 pace
969 859 1001 925 et
1029 859 1150 925 iustitia
1173 859 1214 925 sit
1243 856 1463 926 constituenda.

209 969 310 1054 Quam
339 991 425 1056 spem
455 971 515 1038 etsi
545 990 664 1057 semper
692 973 826 1040 aluimus
848 973 882 1039 in
911 975 1014 1042 animo
1036 976 1151 1056 nostro,
1181 993 1295 1060 nosque
1325 971 1463 1040 Caesaris

208 1088 306 1176 ipsius
328 1088 439 1155 11111111
460 1088 619 1173 ingenium
632 1089 741 1174 religio
764 1089 886 1156 bonitas
909 1090 948 1156 ad
970 1090 1002 1156 id
1017 1092 1186 1178 plurimum
1200 1090 1464 1186 confirmaremnt

208 1207 313 1273 tamen
328 1203 435 1288 cupide
450 1204 548 1271 visuri
563 1224 669 1271 sumus
692 1224 763 1271 eum
779 1206 936 1273 hominem
958 1227 1049 1292 quem
1064 1209 1190 1293 uterque
1204 1209 1342 1275 restrum
1358 1207 1465 1275 scribit

209 1321 248 1389 ad
271 1340 327 1389 nos
349 1319 525 1406 propediem
547 1321 607 1387 iter
629 1322 822 1406 arrepturum
844 1342 919 1389 esse.
964 1324 1009 1389 En
1032 1323 1117 1389 cuius
1147 1324 1338 1392 sermonibus
1360 1326 1391 1390 et
1413 1338 1462 1390 re·

208 1438 324 1506 latione
345 1437 466 1521 plenius
490 1436 594 1504 omnia
617 1456 723 1503 sumus
746 1438 913 1522 cognitu-iz
941 1435 1028 1520 ouon
1050 1458 1121 1507 vero
1143 1440 1182 1506 ad
1204 1439 1464 1524 dispensationem

209 1553 401 1621 matrimonii
422 1552 620 1621 contrahendi
642 1553 783 1638 pertinet,
806 1554 885 1620 nihil
900 1556 947 1621 est
968 1555 1102 1639 profecto
1117 1557 1183 1622 tam
1205 1575 1362 1641 magnum,
1385 1554 1465 1640 quod

209 1670 243 1738 in
264 1671 371 1738 nostra
392 1669 520 1755 paterna
541 1669 699 1736 voluntate
722 1689 795 1754 erga
812 1669 971 1738 Caesarem
994 1671 1175 1738 declaranda
1196 1673 1285 1740 nobis
1308 1691 1369 1738 non
1391 1691 1463 1756 par-

209 1807 284 1855 uum
306 1806 373 1854 esee
395 1785 549 1864 videabn;
581 1805 677 1871 neque
699 1786 863 1871 quicquam
891 1786 1038 1853 libentius
1068 1788 1197 1855 facimus
1227 1807 1320 1873 quam
1342 1788 1377 1853 ut
1399 1787 1464 1853 eius

210 1902 312 1970 studio
340 1903 373 1969 11
400 1901 555 1969 voluntati
582 1919 726 1986 geramus
749 1920 882 1980 morem3
911 1903 1072 1988 ipsamque
1101 1905 1172 1970 tuae
1201 1901 1465 1988 ohcnmepeotioni

209 2019 469 2104 dispensationem
484 2017 654 2084 mittimus:
678 2015 738 2084 Sed
760 2017 841 2102 quod
856 2015 967 2085 Caesar
988 2019 1054 2104 ipse
1070 2019 1158 2086 nobis
1181 2021 1212 2086 et
1227 2019 1361 2087 ostendit
1376 2037 1465 2103 saepe

209 2137 241 2203 et
263 2155 317 2222 per
338 2134 458 2201 litteras
490 2132 647 2219 pollicitus
670 2135 727 2214 est,
756 2135 905 2202 vellemus
928 2136 1007 2202 hanc
1035 2135 1295 2220 dispensationem
1322 2136 1465 2221 praebere

208 2253 384 2339 promptam
406 2252 437 2317 et
451 2251 574 2317 facilem
589 2249 672 2317 viam
686 2250 755 2334 paci
776 2250 1012 2318 christianitatis
1028 2252 1202 2319 universali
1238 2248 1327 2333 Quod
1341 2251 1464 2336 quidem

209 2367 390 2437 confidimus
412 2366 529 2434 iratist
551 2365 759 2434 misericordia
783 2367 897 2434 summi
912 2368 971 2434 Dei
993 2369 1024 2434 et
1039 2366 1177 2435 Caesaris
1200 2367 1369 2453 prudentia.
1402 2367 1463 2434 Ve-

208 2485 383 2551 rumtamen
405 2482 438 2549 iu
460 2483 527 2548 tam
549 2483 706 2567 suspensis
737 2482 963 2550 conditionibus
986 2485 1159 2568 temporum
1190 2503 1238 2551 res
1261 2483 1368 2569 magni
1390 2502 1464 2550 oon·

209 2599 274 2666 silii
296 2598 416 2665 videbar
438 2617 506 2665 osse
527 2598 573 2665 ita
595 2596 725 2683 dirigere
749 2599 861 2679 omnia,
891 2600 926 2664 ut
949 2599 1029 2684 quod
1051 2599 1275 2667 coniunctionis
1298 2617 1391 2665 causa
1412 2599 1463 2664 in-

210 2714 355 2782 stitutum
376 2714 433 2794 est,
456 2713 531 2780 alibi
553 2712 719 2780 dissidium
741 2714 774 2781 et
796 2713 994 2782 offensionem
1016 2734 1077 2781 non
1091 2715 1199 2800 pariat.
1246 2715 1313 2783 Nos
1330 2715 1462 2783 sollicito

208 2831 312 2898 animo
335 2849 442 2896 sumus
465 2829 514 2896 die
536 2829 683 2914 nocteque
705 2829 927 2914 utaliquando
949 2831 1000 2896 his
1022 2830 1301 2897 calamitosissimis
1325 2830 1415 2896 hahis
1431 2834 1462 2897 11

209 2945 395 3013 tumultibus
418 2945 460 3011 sit
475 2944 685 3011 christianitas
700 2947 809 3028 pacata
831 2947 863 3012 et
878 2945 983 3026 libera,
1005 2947 1148 3031 pacisque
1163 2947 1195 3013 et
1209 2947 1347 3013 iustitiae
1362 2946 1464 3012 studia

206 3061 340 3146 vigeant,
368 3079 431 3128 non
458 3060 664 3147 direptionum
692 3061 724 3127 et
753 3079 921 3129 armorum:
953 3062 1033 3146 quod
1062 3062 1196 3148 primum
1225 3063 1331 3129 aDeo
1361 3062 1462 3128 omni-

206 3179 330 3264 potente
359 3177 559 3262 erpetendum
581 3179 636 3244 est
683 3175 856 3244 Secundum
878 3179 979 3245 Deum
1008 3180 1112 3245 autem
1141 3178 1207 3264 ipse
1230 3175 1340 3245 Caesar
1362 3179 1462 3244 maxi-

208 3311 293 3362 mam
314 3293 406 3360 huius
428 3294 502 3361 boni
522 3293 644 3360 videtur
664 3294 777 3360 habere
794 3295 988 3377 potestatem,
1012 3313 1105 3379 quam
1129 3294 1156 3360 si
1179 3294 1352 3361 adhibuerit
1373 3296 1461 3361 tran-

207 3408 356 3495 quillitati
370 3409 524 3494 quietique
538 3408 702 3490 communi,
725 3409 785 3474 erit
806 3408 887 3494 quod
902 3408 983 3493 apud
997 3410 1099 3476 Deum
1120 3409 1218 3494 ipsius
1233 3411 1461 3492 immortalitas,

207 3525 288 3611 apud
315 3523 455 3592 homines
484 3524 584 3609 gloria
612 3523 646 3589 in
674 3523 775 3590 fructu
805 3524 1006 3609 sempiternae
1036 3525 1193 3592 felicitatis
1225 3527 1285 3593 sibi
1315 3526 1461 3612 acquirat

207 3639 272 3707 Tua
294 3639 417 3726 quidem
440 3639 670 3724 circumspectio
692 3658 747 3724 pro
770 3641 824 3705 tua
845 3638 905 3706 fide
928 3641 958 3705 et
973 3640 1135 3724 prudentia
1158 3643 1189 3708 et
1210 3642 1245 3709 in
1266 3643 1316 3708 his
1332 3643 1364 3708 11
1386 3642 1461 3709 aliis

206 3773 284 3841 quae
312 3753 362 3822 his
390 3756 593 3823 consentanea
623 3756 702 3836 sunt,
732 3755 869 3822 eiusdem
892 3759 981 3822 ser.mi
1009 3753 1147 3823 (laeseris
1177 3759 1342 3842 perbonam
1371 3759 1461 3825 illam

207 3872 343 3939 montem
364 3869 488 3956 ingenio
512 3871 719 3957 sapientiaque
733 3871 906 3955 praeditam
928 3873 959 3938 11
982 3872 1161 3939 confirmare
1182 3875 1215 3940 et
1237 3889 1347 3959 augere
1362 3874 1461 3960 quoad

206 3987 318 4073 poterit
347 3987 513 4069 conabitur,
544 3986 623 4054 sieut
652 4007 705 4072 per
731 3987 808 4054 alias
838 3988 974 4073 privatas
1002 3988 1123 4054 litteras
1152 3989 1319 4074 tepluries
1348 3990 1461 4057 instrui

208 4102 430 4172 mandavimus.

296 4219 413 4288 Datum
434 4219 551 4288 Romae
572 4221 628 4287 etc.
651 4218 701 4287 die
723 4219 785 4286 xiii
800 4219 985 4289 Novembris
999 4221 1118 4290 mdxnv.
1163 4221 1253 4289 Anno
1276 4221 1414 4288 secundo.
