3396 5090
711 321 955 389 -169-

119 553 123 560 ·
202 521 370 598 hortamur,
393 519 623 604 necquicquam
639 519 694 585 abs
710 519 741 584 te
755 517 873 602 gratius
896 517 1089 601 expectamus
1105 513 1184 600 quod
1199 533 1274 600 agas
1289 533 1342 598 pro
1358 514 1455 594 nobis,

204 655 296 722 quam
326 636 383 702 hoc
405 635 507 720 ipsuis
530 635 610 720 quod
633 636 671 700 ad
701 633 936 719 amplitudinem
959 634 1099 699 tuamet
1121 632 1251 717 gloriam
1275 633 1456 714 tuarumque

203 772 294 838 opum
317 753 539 820 incrementum
562 753 592 818 et
622 751 858 836 recognitionem
881 751 1020 835 pertinet.
1065 749 1103 816 In
1126 767 1283 833 quoquae
1306 749 1393 815 nobis
1416 747 1455 814 ad

204 868 440 936 temerandum
472 869 617 953 tanquam
640 867 740 933 filium
769 867 939 934 necessaria
969 866 1035 932 visa
1058 867 1138 944 sunt
1169 883 1204 932 aa
1233 863 1373 931 dedimus
1394 864 1456 949 ipsi

203 983 364 1051 Broderico
385 984 421 1051 in
441 983 596 1050 mandatis
620 983 659 1049 ad
681 985 711 1050 te
734 981 918 1067 perferenda
941 983 991 1048 cui
1005 985 1036 1048 et
1051 982 1161 1048 nuncio
1184 999 1244 1048 una
1259 980 1330 1048 istic
1351 981 1454 1046 nostro

203 1102 238 1166 ut
260 1105 356 1168 serra
378 1101 432 1166 tna
454 1099 546 1167 fidem
569 1100 688 1178 habeat,
712 1099 873 1184 omniaque
895 1099 927 1166 in
950 1099 1062 1165 bonam
1085 1097 1214 1182 accipiat
1228 1097 1347 1182 partem
1370 1096 1454 1162 omni

203 1216 300 1284 animi
328 1215 428 1284 studio
459 1218 498 1283 ab
521 1235 557 1282 oa
586 1215 727 1300 petimus.
774 1215 890 1281 Datum
920 1215 1035 1280 Romae
1063 1215 1119 1282 otc.
1149 1213 1197 1280 die
1228 1212 1290 1280 viii
1321 1212 1455 1297 Augusti

202 1332 320 1400 mdnnv.
366 1333 455 1400 Anno
478 1331 615 1400 mundo.

292 1563 472 1632 Caesari-
487 1565 547 1631 Pro
562 1565 692 1649 quodam
708 1565 747 1630 ad
756 1585 826 1631 eum
841 1563 1056 1648 proficiscente.
1067 1601 1110 1610 -
1120 1562 1181 1628 viii.
1191 1561 1325 1647 Augusti
1335 1561 1453 1630 mdxrv.

290 1681 523 1765 drobiopiscopo
547 1679 750 1766 Strigoniensi
772 1720 816 1729 —
838 1682 897 1747 Pro
914 1679 1067 1765 Stephano
1090 1677 1259 1746 Broderico.
1283 1717 1326 1725 -
1350 1678 1407 1744 Dio
1423 1681 1453 1744 ot

200 1816 279 1864 anno
302 1797 336 1862 ut
359 1815 458 1882 supra.

803 2057 856 2123 57.

482 2225 668 2300 Stephano
692 2225 831 2284 Verbez
854 2226 974 2284 comiti
998 2225 1169 2298 palatine.

289 2379 407 2446 Dilecta
430 2379 483 2444 fili.
529 2378 574 2445 Ut
595 2378 729 2463 primum
752 2379 958 2446 intelleximus
980 2379 1097 2445 nob.tom
1120 2379 1207 2444 tuam
1230 2377 1294 2443 suis
1317 2376 1365 2443 ilii
1387 2375 1450 2442 vir·

199 2495 316 2562 tutibus
339 2497 371 2561 et
386 2494 504 2560 meritis
528 2493 767 2579 suffragantibus
782 2513 843 2562 non
866 2496 966 2562 solum
989 2499 1080 2561 car.ud
1101 2495 1134 2561 in
1150 2493 1266 2560 Christi
1280 2493 1339 2559 filii
1355 2492 1452 2559 nostri

198 2611 344 2678 Ludooioi
366 2611 521 2696 Ungariae
544 2611 625 2695 rogis
649 2611 780 2677 illustris
797 2611 850 2678 sod
873 2611 967 2678 totius
990 2629 1082 2696 prope
1105 2611 1192 2696 regni
1208 2611 1326 2678 delectu
1349 2631 1384 2676 ao
1400 2611 1449 2676 iu-

200 2727 279 2794 dicio
301 2728 341 2794 ad
363 2726 446 2794 istud
468 2726 590 2794 comitis
620 2727 749 2811 palatini
779 2727 913 2794 officium
943 2727 1038 2794 finisse
1062 2728 1216 2793 sublatam
1246 2745 1281 2792 ac
1304 2727 1450 2802 romtam,

199 2845 259 2910 etsi
281 2864 334 2929 pro
357 2845 413 2910 illa
435 2863 511 2929 quac
533 2843 613 2909 inter
636 2861 691 2909 nos
714 2861 832 2928 semper
854 2844 1029 2911 intercessit
1054 2844 1259 2910 benivolentia
1282 2844 1404 2928 gratum
1420 2843 1451 2908 ct

198 2960 363 3026 iucundum
386 2960 418 3026 id
440 2960 612 3038 habuimus,
636 2959 706 3043 plus
729 2961 832 3028 tanam
846 2961 983 3028 lactitiae
1006 2961 1090 3027 illius
1113 2960 1200 3045 regni
1223 2959 1342 3026 utilim
1357 2977 1448 3042 quarn

200 3076 277 3144 rantio
300 3076 454 3143 amicitiae
470 3074 531 3142 sibi
546 3074 726 3153 vindicavit3
750 3096 914 3162 quamqam
930 3078 1012 3144 enim
1028 3077 1162 3144 hominis
1184 3077 1273 3145 nobis
1298 3074 1450 3142 carissimi

200 3193 240 3272 ot,
263 3194 299 3258 nt
321 3193 428 3258 multis
451 3193 541 3258 robus
555 3191 619 3258 iam
641 3193 849 3277 perspeximus
872 3195 969 3260 nostri
991 3194 1207 3272 amantissimi,
1230 3193 1341 3259 honoro
1370 3209 1448 3276 gau-

199 3306 333 3388 deamus,
357 3308 552 3392 praecipuum
567 3311 671 3376 tamen
686 3309 764 3376 illud
778 3310 925 3395 gaudium
942 3312 1080 3376 nostrum
1096 3312 1151 3389 est
1175 3309 1253 3394 quod
1268 3308 1449 3376 confidimus

199 3423 262 3491 Deo
284 3422 367 3489 istud
391 3443 518 3508 regnum
541 3424 703 3509 benignius
719 3426 884 3510 aspiciente
906 3427 1027 3510 proptor
1049 3426 1242 3510 prudentiam
1265 3427 1296 3493 et
1317 3423 1447 3509 integri-

198 3540 294 3606 tatem
317 3540 403 3605 tuam
426 3540 507 3625 regis
530 3540 621 3606 istius
637 3542 834 3626 amplitudini
857 3545 888 3609 st
910 3543 997 3627 regni
1020 3543 1114 3609 totius
1138 3543 1231 3608 saluti
1253 3540 1366 3627 optime
1382 3560 1448 3607 osse

198 3655 380 3734 consultum,
403 3655 440 3720 de
463 3674 521 3740 quo
544 3656 667 3741 qnidam
693 3676 749 3724 nos
773 3659 929 3724 assiduam
951 3659 985 3724 in
1008 3658 1109 3725 animo
1132 3677 1236 3724 curam
1259 3657 1448 3744 gerebamus,

197 3773 228 3836 et
242 3771 308 3856 regi
331 3773 362 3838 et
377 3791 469 3856 regno
485 3791 545 3838 non
568 3791 677 3857 parum
692 3774 871 3854 metuentes,
894 3793 964 3841 cum
984 3775 1116 3842 finitimo
1132 3775 1220 3841 hoste
1234 3772 1447 3860 potentissimo

197 3885 361 3972 codemque
375 3887 620 3966 insidiosissime,
644 3909 704 3956 non
727 3892 761 3955 ut
777 3891 973 3974 cupiebamus
997 3911 1186 3958 cerneremus
1202 3889 1336 3958 remedia
1351 3891 1448 3958 tantis

197 4003 339 4089 perieulis
362 4005 434 4088 apte
456 4005 625 4089 procurari;
655 4025 750 4090 neque
774 4008 876 4073 tamen
906 4027 1077 4092 quenquam
1100 4007 1133 4074 in
1156 4008 1245 4091 culpa
1267 4010 1298 4074 et
1320 4007 1447 4074 crimine

196 4119 347 4204 ponimns,
371 4117 425 4186 sed
447 4120 605 4204 apparebit
626 4120 759 4205 profecto
782 4125 813 4187 et
835 4123 959 4207 patefiet
974 4125 1052 4190 bono
1075 4125 1106 4190 et
1128 4124 1275 4208 prudente
1297 4125 1362 4191 niro
1385 4125 1447 4191 tale

196 4254 308 4301 munus
331 4237 422 4320 atquo
444 4235 577 4302 officium
600 4235 842 4316 administrante,
866 4239 938 4323 quid
960 4241 1059 4324 possit
1080 4241 1112 4306 in
1127 4241 1334 4326 gubernandis
1356 4241 1446 4307 robus

196 4351 319 4436 magnis
335 4351 432 4418 virtus
448 4353 479 4418 et
501 4352 672 4436 integritas,
695 4357 726 4421 et
748 4374 840 4438 quam
856 4356 919 4421 vim
941 4355 1054 4423 habeat
1076 4355 1152 4422 fides
1167 4359 1258 4442 atquo
1280 4357 1446 4423 industria:

196 4487 273 4552 quas
296 4469 397 4552 partes
427 4468 571 4553 quoniam
600 4469 633 4536 in
656 4473 687 4536 te
708 4490 774 4537 esse
797 4471 1008 4556 cognoscimus
1036 4473 1144 4541 iccirco
1167 4473 1334 4540 maximum
1357 4475 1404 4538 ost
1427 4491 1445 4538 a
