3396 5090
686 351 931 418 -191-

177 560 324 626 magnam
346 542 504 622 habemus,
526 562 658 628 magnus
685 563 809 628 quoque
824 563 910 610 amor
932 545 1035 609 noster
1057 543 1196 609 aeeedere
1219 541 1336 623 debeat,
1359 562 1429 609 oum

178 660 210 724 et
231 657 264 724 in
280 645 378 724 offioio
401 660 432 725 et
453 659 487 725 iu
502 658 706 725 benivolentia
728 659 807 725 nihil
829 679 847 726 a
870 659 1176 744 tepraetermittatur
1199 658 1274 725 bene
1290 658 1430 725 danobis

177 774 376 856 promerendi.
421 775 461 840 llt
483 775 605 858 quidem
628 774 707 859 quod
722 775 870 860 quaedam
893 774 999 840 fierent
1014 773 1048 840 in
1069 774 1140 842 istis
1154 775 1238 854 loeis,
1261 793 1296 840 eu
1320 775 1429 860 quibus

177 891 280 956 nostro
302 891 410 957 honori
431 889 584 956 rideretur
605 889 724 957 detrahi
751 909 902 975 parvaque
924 890 1002 957 ratio
1024 893 1091 956 tum
1115 889 1276 974 dignitatis
1299 892 1429 970 nostrae,

177 1006 243 1072 tum
266 1005 300 1071 in
321 1005 478 1089 publicum
501 1007 615 1072 bonum
643 1007 728 1073 illius
750 1006 851 1073 inoliti
872 1006 960 1090 regni
982 1005 1150 1073 voluntatis
1173 1006 1345 1087 haberetur,
1367 1025 1430 1074 non

176 1121 349 1204 poteramus
371 1121 495 1205 quidem
509 1141 570 1188 non
591 1123 698 1188 mirari
719 1124 751 1190 et
765 1141 826 1189 non
848 1141 938 1207 aegre
952 1122 1045 1199 forre;
1067 1123 1255 1190 nontamen
1270 1124 1429 1207 propterea

175 1236 398 1303 desistebamus
420 1237 494 1321 quin
509 1256 669 1322 ageremus
691 1239 722 1304 et
744 1255 936 1322 operaremur
958 1257 994 1304 ea
1009 1238 1112 1305 omnia
1134 1257 1211 1322 quae
1233 1238 1272 1304 ad
1296 1239 1428 1305 salutem

176 1354 208 1417 et
230 1353 423 1419 commodum
445 1353 536 1418 istius
559 1353 692 1420 nationis
714 1352 916 1438 pertinebant
939 1353 1025 1419 ouius
1047 1351 1144 1418 animi
1165 1353 1264 1419 nostri
1286 1354 1380 1421 testes
1403 1353 1427 1419 ii

175 1487 281 1534 omnes
304 1471 384 1547 sunt
407 1488 477 1535 oum
507 1468 617 1552 quibus
640 1469 728 1535 uobis
760 1469 820 1535 fuit
842 1468 1010 1553 agendum3
1040 1487 1117 1553 quae
1140 1469 1199 1534 etsi
1221 1487 1240 1534 a
1263 1469 1351 1536 nobis
1373 1487 1427 1554 pro
1557 1532 1559 1536 .

174 1583 291 1650 ratione
313 1583 412 1651 nostri
440 1584 564 1650 honoris
587 1584 618 1648 et
640 1583 699 1650 Dei
721 1584 940 1668 omnipotentis
962 1603 998 1650 ao
1020 1584 1191 1652 eommunis
1221 1584 1305 1668 paois
1335 1602 1427 1651 eausa

174 1699 297 1778 fiebant
320 1699 419 1764 inerat
440 1700 546 1766 temen
567 1699 601 1765 in
623 1699 789 1766 uniuersali
812 1718 883 1766 aura
905 1699 1044 1784 proprius
1068 1698 1193 1784 quidemr
1215 1718 1301 1766 amor
1323 1719 1426 1768 rerum

173 1815 344 1880 vestrarum
367 1833 443 1899 quae
473 1833 592 1880 summe
614 1814 702 1881 nobis
725 1834 845 1900 semper
873 1815 996 1882 luerunt
1017 1815 1108 1896 oordi
1138 1813 1316 1900 futuraeque
1346 1817 1426 1896 sunt,

173 1947 229 1995 neo
251 1929 279 1995 si
301 1929 374 2013 quid
401 1929 565 2015 indignum
593 1930 665 1996 ietio
687 1949 794 1997 sumus
821 1930 913 2015 passi,
943 1930 975 1997 id
1005 1950 1111 1999 sumus
1140 1932 1207 1997 tam
1235 1932 1424 2016 principibus

173 2063 265 2129 quam
288 2045 443 2131 aliquibus
471 2044 625 2111 malivolis
654 2045 850 2130 imputaturi3
881 2046 935 2113 sed
956 2047 1037 2114 oerte
1066 2065 1136 2112 oum
1159 2047 1273 2112 nostrie
1303 2047 1423 2114 meritis

173 2159 321 2240 eonvenit
344 2163 411 2227 tum
427 2161 530 2226 autem
545 2162 664 2227 vestrae
678 2160 857 2244 prudentiae
872 2162 904 2226 et
919 2161 1043 2228 virtutis
1057 2163 1106 2228 est
1119 2161 1264 2242 offioium,
1286 2164 1425 2230 nostram

171 2275 320 2359 optimam
349 2294 422 2359 erga
444 2294 498 2342 vos
521 2278 655 2344 mentem
678 2277 789 2343 vostris
816 2276 925 2342 offioiis
955 2277 989 2342 in
1011 2276 1116 2344 eodem
1147 2278 1247 2344 sbudr'o
1269 2282 1300 2344 et
1324 2298 1425 2346 amore

171 2391 340 2467 eontinere;
370 2390 420 2456 oui
441 2392 486 2457 rei
508 2410 578 2458 oum
599 2394 635 2459 tu
656 2410 711 2477 pro
733 2392 787 2458 tua
816 2392 966 2476 sapientia
992 2393 1189 2477 prospexeris,
1213 2393 1299 2460 erede
1328 2396 1425 2476 nobis,

171 2508 203 2573 et
224 2506 304 2590 apud
326 2526 382 2574 nos
399 2507 620 2574 benivolentiae
642 2507 773 2593 gradum
795 2510 826 2575 et
841 2507 922 2592 apud
944 2527 1050 2574 omnes
1073 2509 1145 2576 boni
1160 2509 1281 2576 eonsilii
1302 2506 1427 2578 laudem

171 2641 204 2688 es
226 2623 413 2689 oonseeutus.
459 2621 525 2688 Nos
547 2622 621 2708 quid
643 2623 733 2690 fietu
750 2626 822 2689 tuae
844 2625 875 2690 et
897 2622 934 2690 de
949 2624 1121 2708 praeteritis
1144 2624 1254 2691 offioiis
1277 2627 1426 2694 babemus

172 2735 306 2822 gretiam
328 2740 360 2804 et
381 2737 415 2804 in
436 2738 574 2804 futurum
596 2741 632 2805 ut
652 2757 824 2823 perseveres
842 2757 1025 2824 magnopere
1048 2741 1078 2806 te
1101 2740 1134 2805 in
1156 2741 1289 2808 Domino
1311 2741 1423 2808 edber-

172 2855 281 2920 temur.
328 2852 415 2934 Quod
443 2853 581 2920 futurum
610 2856 658 2921 eat
680 2873 699 2920 a
721 2855 752 2920 te
774 2854 863 2921 nobis
894 2873 1013 2938 semper
1042 2855 1264 2940 gratissimum.
1311 2857 1426 2924 Datum

172 2968 287 3036 Romae
309 2970 364 3037 eto.
387 2969 438 3036 die
459 2969 498 3036 in
521 2969 698 3037 Deoembris
721 2969 841 3036 mdxxv.
885 2970 975 3037 Anno
998 2970 1097 3038 tertio.

523 3298 841 3365 Marohionissae
864 3299 1075 3366 Pisoariae.

263 3455 383 3524 Solatur
405 3477 473 3526 eam
488 3459 622 3544 pontifex
645 3458 682 3525 de
705 3459 789 3526 obitu
804 3458 988 3526 Ferdinandi
1004 3459 1062 3525 viri
1083 3459 1157 3540 eius,
1181 3478 1216 3526 ao
1238 3464 1273 3527 ut
1288 3460 1425 3530 divinam

172 3572 361 3640 voluntatem
384 3575 417 3640 in
432 3574 542 3640 bonam
566 3575 686 3658 partem
709 3574 838 3659 eooipiat
861 3574 947 3660 eique
963 3575 1135 3660 aoquiesoat
1156 3576 1295 3660 pluribus
1310 3577 1422 3644 adhor-

171 3688 263 3754 tatur.
308 3689 489 3774 Improbans
505 3691 608 3756 autem
632 3690 769 3756 subitum
786 3690 852 3757 eius
875 3691 1023 3758 moniales
1038 3691 1138 3757 uestes
1154 3691 1330 3760 assumendi
1351 3711 1423 3778 pro·

171 3803 315 3888 positum,
344 3806 449 3889 utpote
478 3805 580 3889 potius
612 3805 724 3872 doloris
746 3807 786 3886 vi,
809 3825 901 3891 quam
923 3806 1035 3873 iudieio
1058 3807 1089 3871 et
1111 3805 1327 3876 deliberatione
1349 3827 1422 3876 oon·

172 3921 301 4003 oeptum,
330 3920 479 4004 praeripit
500 3920 599 3987 eidem
621 3923 657 3987 ut
683 3921 806 3989 nonnisi
828 3922 981 3988 vidualem
1010 3921 1151 3988 habitum
1180 3923 1213 3989 in
1242 3925 1422 3992 memoriam

172 4035 230 4100 viri
253 4037 400 4114 assumat,
422 4055 517 4101 unum
539 4036 617 4103 illud
639 4037 804 4104 oouoedens
827 4039 862 4102 ut
883 4037 917 4103 in
932 4037 1116 4104 monasterio
1135 4037 1165 4104 S.
1183 4037 1323 4104 Silvestri
1338 4041 1423 4107 urbis

170 4149 286 4217 Romae
315 4169 385 4216 oum
414 4151 513 4217 tribus
534 4152 672 4236 innuptis
701 4153 864 4218 eomitibue
894 4153 1023 4219 ineolere
1045 4154 1146 4219 valeat
1168 4191 1211 4201 -
1234 4154 1283 4220 die
1305 4174 1331 4221 r.
1355 4157 1418 4222 De·

171 4265 302 4333 oembris
325 4266 443 4332 mdmv.
488 4267 577 4333 Anno
598 4267 696 4333 tertio.
