3366 5084
677 318 1028 397 -θ’5-..

163 525 318 595 decretum
333 527 381 593 est
395 526 556 606 abstinere,
573 523 625 591 seu
640 524 830 610 argumentis
853 523 885 590 et
898 523 1077 603 rationibus,
1086 522 1109 610 ¹)
1132 523 1288 592 mittimus
1304 523 1417 609 quante

166 647 275 711 conatu
290 643 535 728 proposuerimus
550 661 664 726 pacem,
687 642 761 725 quot
776 639 964 707 conditiones
980 640 1012 706 et
1025 639 1131 706 medes
1147 640 1418 726 excogitaverimus

166 763 200 825 ut
221 761 325 844 aliqua
346 759 425 825 ratio
454 757 629 825 concordiae
651 756 788 835 iniretur,
811 756 845 822 in
874 775 932 840 quc
961 755 1105 822 nonfuit
1132 757 1223 824 nobis
1251 757 1305 842 qui
1327 757 1420 824 vellet

165 877 386 960 obtemperare:
422 875 502 941 certa
530 875 564 940 in
593 891 742 958 magnum
767 871 910 938 timerem
938 871 1076 939 conversi
1104 871 1220 938 tumus
1249 890 1296 954 ne,
1325 873 1353 940 si
1381 891 1417 940 ea

168 989 328 1058 Gallorum
356 1009 466 1056 manus
494 1009 549 1075 per
577 991 697 1056 nestros
720 989 751 1054 et
774 986 804 1054 S.
826 987 863 1054 a
887 988 1039 1054 Ecclesiae
1069 989 1170 1054 status
1199 988 1259 1055 iter
1287 989 1420 1068 haberet

167 1126 237 1174 cum
258 1125 395 1173 essemus
418 1108 450 1173 et
471 1105 574 1173 anime
597 1124 632 1172 au
650 1105 806 1172 vuluntate
828 1105 860 1169 et
874 1103 969 1187 copiis
992 1103 1179 1170 militaribus
1201 1102 1342 1184 inermes,
1358 1103 1418 1170 ali·

170 1223 242 1307 quid
265 1223 414 1308 gravioris
437 1221 543 1288 damni
564 1239 600 1287 ac
621 1220 749 1304 periculi
769 1219 859 1286 nubis
882 1220 913 1284 et
935 1219 1025 1284 rebus
1048 1219 1162 1285 nostris
1184 1218 1325 1285 inferret:
1348 1237 1418 1303 pre-

171 1338 277 1405 sertim
300 1358 370 1405 uum
393 1340 474 1404 esset
496 1338 584 1404 nobis
602 1335 805 1402 dubitandum
827 1355 866 1402 ne
880 1335 1064 1401 Francorum
1080 1353 1139 1415 rer,
1155 1336 1292 1401 veterum
1314 1334 1421 1400 inimi-

169 1455 311 1521 citiarum
340 1473 415 1538 quas
443 1453 603 1521 nobiscum
631 1453 780 1518 habuerat
808 1469 934 1530 memor,
963 1451 1052 1516 illam
1079 1449 1246 1517 ulciscendi
1276 1448 1423 1534 arriperet

171 1569 367 1638 occasionem.
412 1570 451 1636 In
473 1588 506 1636 eo
530 1587 602 1635 casu
631 1566 836 1653 pugnavimus
860 1585 914 1634 nos
937 1565 1060 1652 quidem
1082 1566 1252 1632 rationibus
1274 1567 1306 1632 et
1328 1583 1421 1650 argu·

172 1687 285 1754 mentis
314 1705 352 1753 ne
381 1705 491 1752 manus
512 1685 569 1751 illa
596 1685 630 1751 in
659 1703 788 1770 regnum
810 1683 1048 1768 Neapolitanum
1077 1681 1258 1762 mitteretur,
1287 1681 1319 1749 et
1340 1680 1425 1748 omni

172 1801 378 1869 sollicitudine
401 1800 482 1886 apud
503 1820 639 1867 resersus
662 1801 753 1867 duces
776 1798 948 1866 institimus
970 1801 1006 1865 ut
1021 1799 1125 1865 cedere
1145 1798 1277 1882 tempori
1298 1799 1330 1864 et
1352 1796 1424 1864 dare

174 1937 205 1984 se
228 1916 380 1984 faciliores
403 1917 442 1983 ad
464 1917 656 1985 concordiam
678 1917 800 1997 vellent,
829 1935 882 2000 per
904 1933 997 2000 quam
1020 1916 1051 1981 et
1073 1933 1202 1999 regnum
1223 1915 1327 2000 ipsum
1349 1932 1423 1980 cen·

175 2050 293 2100 serrare
322 2036 447 2118 possent
476 2035 508 2100 et
535 2051 591 2100 nos
620 2032 654 2099 in
682 2033 748 2098 tam
776 2037 869 2116 'grave
899 2031 1063 2099 discrimen
1092 2049 1153 2098 non
1181 2033 1341 2116 ponerent
1372 2029 1425 2096 sed

175 2169 243 2215 cum
266 2148 347 2234 apud
369 2149 440 2215 illus
462 2148 565 2214 minus
589 2148 736 2214 valuisset
758 2148 842 2232 pacis
865 2146 1019 2232 cegitatio,
1049 2167 1100 2214 rer
1124 2166 1193 2214 seru
1214 2147 1281 2232 ipse
1303 2147 1425 2232 penitus

176 2264 372 2332 deliberasset
393 2265 511 2348 partem
527 2263 674 2331 exercitus
697 2263 731 2329 in
753 2281 882 2348 regnum
897 2263 1028 2342 mittere,
1052 2263 1278 2348 affirmaretque
1300 2264 1379 2330 uelle
1393 2283 1427 2328 se

175 2379 303 2465 experiri
323 2382 428 2446 utnrm
450 2398 507 2447 nos
529 2380 620 2445 verbu
636 2380 667 2444 et
683 2378 878 2445 simulatione
902 2397 941 2445 an
963 2399 996 2445 re
1018 2396 1089 2444 vera
1110 2359 1269 2462 paternam
1291 2381 1428 2445 mentem

177 2515 248 2581 erga
270 2495 422 2580 principes
445 2494 629 2561 christianus
652 2494 809 2578 aequalem
832 2511 1015 2578 gereremus,
1038 2513 1115 2579 quae
1131 2494 1159 2560 si
1180 2495 1214 2560 in
1234 2494 1324 2561 nobis
1346 2496 1429 2560 esset

177 2629 238 2678 ncn
260 2611 400 2678 dubitare
423 2630 456 2678 ae
478 2611 579 2678 aiebat
601 2609 676 2694 quin
697 2608 780 2676 idem
802 2609 851 2675 ilii
873 2609 952 2694 quud
971 2609 1153 2676 adversariis
1176 2611 1240 2676 suis
1262 2608 1427 2676 transitum

178 2725 319 2793 uidelicet
341 2729 372 2793 et
394 2745 546 2793 annonam
569 2724 814 2800 concederemus;
844 2725 877 2790 in
899 2744 933 2790 ec
956 2743 1027 2790 casu
1059 2725 1187 2809 ancipiti
1208 2727 1238 2792 et
1253 2725 1429 2810 periculoso,

179 2841 216 2907 de
238 2859 297 2927 quo
320 2841 418 2908 multe
440 2843 511 2908 ante
527 2841 648 2908 anubis
670 2840 771 2907 fuerat
785 2840 987 2925 trepidatum,
1011 2827 1165 2907 aut'arma
1180 2841 1268 2908 nobis
1284 2840 1429 2926 capienda

178 2956 299 3023 luerent
320 2958 374 3023 aut
395 2957 520 3024 illerum
541 2957 767 3024 transeuntium
783 2956 928 3024 standum
949 2955 1091 3022 licentiae
1113 2958 1203 3042 atque
1218 2955 1353 3036 arbitrio,
1376 2957 1430 3022 aut

179 3073 254 3138 fides
276 3074 309 3139 et
331 3073 478 3140 securitas
500 3092 519 3138 a
541 3091 613 3158 rege
634 3073 824 3157 postulanda
854 3072 950 3139 Arma
972 3091 1077 3156 capere
1099 3091 1155 3139 nec
1176 3074 1353 3140 volebamus
1375 3071 1431 3138 n'ec

179 3187 243 3254 iam
265 3191 454 3272 poteramus3
476 3188 612 3273 primum
633 3189 705 3273 quia
727 3207 813 3254 arma
836 3187 947 3254 vicarie
970 3186 1086 3258 Christi
1107 3207 1240 3274 congrua
1265 3207 1328 3255 non
1350 3191 1431 3267 sunt

182 3302 292 3370 deinde
314 3304 386 3388 quia
409 3322 480 3389 opes
503 3303 591 3370 Sedis
620 3305 805 3388 apostelicae
834 3304 958 3371 attritae
980 3303 1096 3370 bellum
1125 3305 1205 3370 alere
1227 3305 1259 3370 et
1281 3304 1431 3370 sustinere

179 3437 242 3486 ncn
262 3420 421 3498 valebanl3
450 3418 540 3486 tertie
563 3418 635 3505 quia
662 3419 730 3486 luce
759 3418 870 3486 clarirm
899 3415 1097 3486 cernebamus
1121 3417 1148 3486 si
1175 3439 1329 3487 armorum
1358 3421 1430 3486 tan·

180 3534 339 3602 tummcdu
368 3553 479 3602 nemen
500 3535 756 3620 increpuissemus
779 3553 902 3602 emnem
932 3535 997 3615 ¹vim
1019 3535 1094 3604 belli
1122 3535 1268 3604 adeamus
1290 3555 1346 3604 nes
1368 3535 1432 3603 lore

276 3793 294 3856 ¹)
313 3795 344 3844 Et
361 3809 413 3845 rere
431 3795 624 3857 prothonotariua
637 3795 742 3844 oliberti
760 3795 888 3858 scripserat
904 3797 951 3845 iarn
969 3797 1297 3848 circamanentes:
1316 3796 1399 3856 ,chus
1416 3799 1434 3846 ll

183 3893 298 3942 rttsrrlare
314 3893 332 3941 li
351 3889 552 3942 ttrisflsnissinc
576 3893 709 3953 dequesta
733 3873 871 3954 diversione,
896 3895 1008 3956 cineum
1027 3895 1083 3955 lare,
1107 3907 1151 3944 sua
1168 3895 1259 3944 llaestt
1284 3909 1331 3944 nen
1356 3909 1385 3945 ne
1403 3895 1435 3945 lrs

182 3990 262 4040 seluto
280 3992 402 4040 intendere
419 3992 516 4040 niente‘
545 4017 573 4028 -
603 3987 757 4041 canem
783 3991 896 4050 Neratiae
919 3992 1043 4054 diplomat.
1061 4005 1108 4042 ecc.
1133 3994 1180 4041 roi.
1197 3993 1227 4042 11.
1245 4007 1269 4056 p.
1289 3993 1350 4044 7⁹8.
1369 3994 1435 4043 Paris

185 4088 263 4138 18⁶1.
298 4087 328 4138 lt
346 4101 425 4138 mense
442 4091 549 4149 neuma
572 4090 666 4148 cuidam
689 4090 836 4139 consiliarius
858 4091 977 4151 pontilicis
994 4091 1123 4140 mutent:
1159 4091 1265 4152 ,Quarta
1281 4094 1379 4153 uasta
1396 4093 1433 4142 tei

185 4185 294 4236 manem
317 4187 348 4234 it
367 4187 465 4236 laetitio
487 4188 575 4246 uranie
596 4187 620 4236 al
641 4187 706 4248 Papa
724 4201 737 4236 e
755 4189 866 4236 masalma
882 4188 968 4250 perche
986 4189 1130 4247 rationando
1147 4190 1185 4238 ‹iei
1202 4190 1387 4250 prunedlmentl
1404 4192 1436 4239 ia

183 4283 240 4332 lsrsl
257 4297 300 4346 per
314 4285 439 4333 rimedime
456 4285 502 4334 alle
519 4297 572 4334 cese
585 4286 701 4335 ansedei
719 4285 849 4334 florentini
860 4299 874 4334 e
886 4285 924 4334 tel
941 4297 1026 4347 reama,
1044 4287 1135 4344 ciuiles
1148 4285 1191 4336 cire
1202 4288 1236 4345 ssll
1247 4287 1283 4337 sia
1294 4289 1436 4348 nmio,

182 4393 230 4429 nen
252 4381 351 4431 relenta
373 4383 480 4430 rcrinara
504 4395 530 4431 se
547 4395 561 4431 e
577 4384 625 4443 nui,
650 4382 674 4431 u
700 4385 818 4433 rlsclrerrl
836 4417 843 4432 .
862 4416 870 4432 .
888 4416 896 4432 .
915 4385 936 4432 si
955 4385 1079 4434 acecncert
1095 4417 1103 4433 .
1122 4418 1129 4432 .
1148 4420 1156 4435 .
1175 4397 1244 4434 unsa
1269 4399 1316 4434 uns
1339 4385 1435 4433 minima

184 4477 311 4528 mune
329 4479 391 4537 tatii
409 4479 550 4541 imperisll‘.
586 4479 646 4529 ltlri.
666 4481 725 4530 798.

238 4581 341 4634 mars·
355 4587 462 4623 mma·
477 4586 525 4629 ru.
993 4645 997 4650 Ι
1256 4570 1277 4638 5
