3400 5088
669 352 725 400 ·-
772 337 834 417 ror
879 387 924 399 -

173 552 211 619 In
234 572 294 637 qua
316 551 527 618 constituenda
556 552 613 616 hoo
635 551 693 616 tibi
715 547 817 634 magis
846 549 1063 616 elaborandum
1085 550 1141 628 est,
1165 568 1223 632 quo
1247 549 1319 613 eunt
1341 546 1374 612 in
1396 549 1426 613 te

172 669 277 734 divina
299 669 443 736 beneficia
459 669 583 735 maiore.
628 667 711 734 Nam
733 687 803 734 oum
818 669 872 732 tna
895 668 1042 734 serenitas
1058 668 1196 733 asseouta
1219 667 1311 733 fuerit
1326 667 1423 733 vioto·

173 786 261 864 riam,
283 787 334 852 oui
356 785 490 851 similem
512 805 568 852 noo
590 786 690 868 prisea
712 803 847 870 unquam
871 786 972 851 seoula
994 784 1151 861 videmnt3
1177 804 1238 850 non
1260 785 1294 849 in
1315 803 1350 850 eo
1372 784 1426 850 tua

173 902 353 986 magnitudo
377 901 479 986 ampla
502 901 558 980 est,
587 901 665 987 quod
688 901 806 979 viseris,
835 903 937 986 potest
959 902 1042 967 enim
1064 902 1121 966 hoo
1145 921 1233 985 saepe
1255 902 1350 966 etiam
1372 899 1422 965 in-

175 1020 277 1104 dignis
312 1019 437 1085 fortuito
468 1021 499 1084 ot
530 1037 603 1084 casu
634 1019 768 1094 evenire;
802 1018 854 1084 sed
883 1019 915 1084 iu
945 1037 979 1084 oo
1008 1020 1062 1083 tua
1092 1019 1189 1082 virtus
1218 1017 1426 1100 praeclareat

172 1135 306 1220 gloriosa
329 1133 430 1200 datura
459 1135 521 1214 est,
552 1135 579 1199 si
601 1135 658 1199 hae
688 1135 815 1200 viatoria
836 1135 925 1212 iuste,
955 1137 1129 1219 temperate,
1159 1133 1322 1218 prudentor
1351 1152 1425 1199 usus

172 1253 275 1331 tuens,
298 1265 471 1336 quanquam
494 1271 549 1316 nos
571 1251 629 1316 hoo
651 1252 752 1335 magis
775 1271 809 1316 ex
833 1251 1020 1317 abundantia
1042 1251 1141 1317 eordis
1164 1253 1195 1316 et
1217 1251 1330 1316 amoris
1352 1269 1425 1334 erga

171 1369 203 1434 te
225 1367 323 1433 nostri
346 1368 516 1448 scribimus
547 1386 639 1451 quam
661 1368 741 1451 quod
762 1367 930 1434 iudicemus
954 1369 984 1433 te
1006 1366 1183 1434 huiusmodi
1205 1365 1424 1432 monitionibus

171 1483 318 1568 indigere,
341 1503 430 1568 quem
447 1503 566 1566 semper
587 1483 728 1548 novimus
744 1485 812 1549 tum
827 1484 891 1549 Deo
914 1482 1098 1549 deferentem
1120 1485 1252 1562 tantum,
1276 1483 1422 1565 quantum

172 1601 211 1666 ab
234 1599 348 1684 optimo
370 1599 506 1684 principe
530 1619 660 1683 aequum
682 1602 731 1666 est
753 1600 871 1678 deterri,
894 1602 962 1666 tum
990 1600 1023 1666 in
1047 1599 1249 1683 amplissimis
1278 1598 1366 1664 donis
1389 1619 1424 1664 ao

171 1715 325 1782 benefieiis
355 1735 431 1800 quae
454 1715 512 1780 tibi
541 1717 579 1781 ab
609 1715 714 1782 eodem
743 1717 859 1781 tributa
882 1718 962 1795 sunt,
992 1717 1125 1801 gratiam
1154 1715 1203 1780 illi
1224 1717 1255 1781 et
1277 1715 1422 1799 pietatem

171 1851 290 1915 sempor
313 1832 500 1899 referentem.
546 1831 605 1898 Sed
627 1835 675 1899 est
690 1834 782 1898 huius
804 1833 951 1918 temporis
967 1833 1084 1900 oooasio
1106 1831 1264 1911 eiusmodi,
1286 1833 1322 1898 ut
1344 1850 1424 1897 nuno

171 1947 303 2013 maxime
331 1967 384 2032 per
412 1949 443 2014 te
472 1948 690 2032 providendum
721 1950 770 2028 sit,
801 1950 837 2015 ut
864 1969 969 2016 omnes
999 1949 1176 2035 intelligant
1204 1947 1363 2014 victoriam
1392 1949 1424 2013 et

170 2065 350 2130 felicitatem
373 2065 459 2130 tuam
482 2065 624 2131 omnibus
649 2065 743 2130 saluti
765 2068 796 2132 et
818 2065 976 2133 commodo
998 2085 1074 2145 esse,
1097 2083 1156 2150 quo
1178 2066 1310 2131 maxime
1332 2063 1422 2130 modo

170 2179 225 2246 illa
256 2179 377 2246 stabilis
400 2181 431 2246 et
461 2180 605 2247 diutuma
634 2182 737 2247 futura
759 2183 815 2248 est
860 2183 899 2247 ln
921 2201 981 2266 qua
1003 2183 1107 2248 tamen
1130 2183 1286 2248 voluntate
1309 2199 1344 2246 ae
1366 2179 1420 2245 de-

169 2295 348 2362 liberatione
371 2297 402 2361 et
431 2313 554 2362 manere
577 2297 608 2363 te
631 2299 662 2362 et
693 2317 760 2364 esse
788 2316 969 2364 mansurum
991 2301 1060 2364 tum
1088 2301 1142 2364 tua
1164 2287 1258 2382 proba
1279 2316 1369 2363 mens
1392 2298 1423 2362 et

169 2411 342 2477 iustissima
372 2413 481 2477 natura
510 2414 577 2478 tum
600 2411 698 2479 etiam
725 2413 816 2480 duees
839 2416 870 2479 et
899 2415 1015 2480 autores
1039 2416 1084 2480 tui
1106 2415 1156 2480 hio
1180 2433 1234 2479 sua
1256 2413 1369 2479 virtute
1391 2415 1423 2479 et

169 2528 371 2612 temperantia
394 2527 573 2604 ostendunt;
596 2529 629 2595 in
651 2549 755 2596 eornm
770 2529 854 2596 enim
876 2529 1024 2598 modestis
1046 2529 1216 2596 actionibus
1239 2529 1302 2595 iam
1325 2548 1420 2612 appa-

169 2665 233 2710 rere
256 2644 397 2710 omnibus
412 2643 521 2729 inoipit
543 2645 647 2712 lumen
663 2645 851 2730 integritatis
874 2647 906 2711 et
920 2646 1086 2729 sapientiae
1108 2647 1187 2712 tuae.
1217 2643 1282 2710 Nos
1298 2645 1421 2730 quidem

168 2781 222 2846 pro
246 2763 349 2826 nostro
371 2762 514 2844 perpetuo
538 2760 576 2827 de
604 2761 666 2826 tuis
689 2763 964 2846 praestantissimis
988 2762 1153 2829 virtutibus
1183 2761 1279 2828 animi
1301 2761 1420 2839 iudicio,

169 2896 338 2960 proquam
353 2876 556 2944 benivolentia
579 2896 639 2961 qua
655 2878 850 2943 serenitatem
873 2880 960 2943 tuam
983 2898 1102 2963 semper
1120 2879 1247 2944 mirifice
1268 2877 1421 2962 prosecuti

168 2991 292 3069 luimus,
316 2992 373 3058 tibi
396 2993 433 3056 de
455 2991 539 3057 omni
562 2993 614 3059 tuo
637 2994 748 3059 honore
771 2995 801 3058 et
824 2993 923 3078 gloria
946 2996 977 3060 et
995 2995 1197 3078 amplitudine
1219 2994 1419 3078 gratulamur,

167 3107 392 3192 maximamque
421 3108 460 3173 ad
488 3126 543 3172 nos
573 3128 608 3174 er
630 3108 670 3172 iis
700 3109 789 3174 rebus
818 3109 969 3204 laetitiam
1000 3110 1173 3194 pervenisse
1195 3109 1419 3175 oonfirmamus.

165 3223 212 3288 Ao
234 3224 314 3307 quod
336 3243 406 3288 oum
421 3225 576 3289 volumtate
600 3225 714 3290 summi
728 3225 787 3292 Dei
810 3229 840 3291 et
854 3225 964 3292 ltaliae
978 3225 1202 3310 tranquillitate
1223 3225 1420 3309 omniumque

167 3339 265 3404 saluto
288 3339 356 3417 fiat,
386 3338 445 3404 tibi
474 3339 513 3404 ad
544 3341 630 3404 tuam
662 3340 821 3406 victoriam
850 3344 881 3406 et
904 3341 1082 3408 felieitatem
1113 3341 1338 3418 stabiliendam,
1361 3359 1416 3406 au-

166 3453 306 3538 gendam,
322 3454 568 3534 confirmandam,
591 3475 712 3520 omnem
729 3457 865 3522 nostram
879 3477 976 3540 opem,
991 3477 1135 3536 amorem,
1152 3456 1297 3535 studium,
1312 3457 1417 3522 auoto-

166 3569 298 3648 ritatem,
322 3569 516 3654 diligentiam
546 3569 711 3636 deferimus
734 3574 765 3638 et
787 3573 974 3656 pollicemus.
1020 3573 1066 3639 De
1089 3573 1199 3657 quibus
1223 3573 1365 3638 omnibus
1387 3573 1419 3638 et

166 3683 237 3750 aliis
259 3683 354 3750 etiam
375 3705 451 3769 quae
474 3686 588 3752 aretine
604 3689 635 3752 et
650 3688 761 3754 melius
783 3690 921 3755 nostram
936 3690 1085 3772 optimam
1108 3690 1296 3755 voluntatem
1318 3687 1351 3754 in
1371 3709 1418 3754 ros

166 3802 235 3867 tuas
258 3801 420 3867 ostendant
442 3800 582 3869 dedimus
612 3803 757 3870 mandata
780 3824 834 3889 per
856 3805 984 3884 litteras,
1014 3805 1124 3872 dilecto
1153 3804 1218 3870 filio
1240 3803 1418 3870 Baldassari

167 3913 351 3982 tastilioneo
367 3917 485 3983 notario
508 3920 539 3984 et
561 3918 670 3984 nuneio
693 3921 805 3998 nostro,
828 3921 937 4008 anteo
961 3920 1155 3987 assensero.
1180 3917 1283 3986 Cereio
1306 3920 1418 3986 oratori

165 4031 348 4109 Florentino,
369 4035 406 4097 ut
427 4051 497 4098 oum
519 4033 572 4099 tua
596 4033 757 4101 serenitate
780 4035 902 4101 uberius
917 4036 949 4101 et
962 4035 1082 4120 plonius
1105 4037 1208 4121 agant
1230 4035 1340 4121 quibus
1363 4035 1418 4100 illa

166 4145 257 4212 fidem
279 4167 402 4213 omnem
432 4149 565 4248 habebit
610 4151 726 4216 Datum
749 4151 865 4218 Romae
887 4153 943 4218 ete.
972 4151 1011 4218 ix.
1035 4151 1142 4219 Martii
1163 4151 1282 4220 mdxxv.
1328 4151 1416 4221 Anno

164 4261 302 4328 seeundo.
