3400 5088
687 361 910 426 ..97-

174 561 295 645 recepta
308 557 435 626 celerius
450 556 623 624 ualetudine
638 557 677 623 ad
692 557 936 625 exercitationem
958 559 1029 624 tuae
1044 557 1173 624 eximiae
1187 559 1310 626 uirtutis
1326 561 1426 646 possis

175 675 447 760 recommendo
470 674 498 739 si
519 693 574 739 nos
598 692 683 739 amas
706 674 906 758 obscurasque
928 675 959 740 et
982 674 1009 739 si
1031 676 1062 739 te
1084 675 1212 741 anobis
1235 677 1333 742 amari
1356 680 1425 759 scis,

177 813 294 860 morem
315 793 374 857 bac
388 791 421 857 in
436 810 468 856 re
490 790 579 856 uobis
601 809 705 874 gerere
720 809 781 855 non
802 791 974 873 postponas,
998 791 1033 855 ut
1047 792 1273 875 quamprimum
1288 794 1320 858 et
1334 813 1427 878 quam

177 909 308 975 maxime
332 907 434 973 sedate
463 906 652 972 Placentiam
676 907 707 970 te
729 905 883 972 conferens
912 905 992 971 inter
1014 908 1136 972 tucrum
1159 927 1268 973 manus
1291 928 1426 976 commo-

178 1025 260 1092 diore
276 1024 391 1089 ratione
406 1021 594 1088 medelarum
610 1021 708 1105 possis
724 1021 785 1097 uti3
808 1022 865 1086 hoc
879 1022 968 1087 nobis
991 1022 1088 1088 facere
1104 1025 1222 1106 gratim
1238 1025 1317 1101 nihil
1332 1029 1426 1110 potes.

179 1140 274 1224 Super
296 1139 406 1223 quibus
428 1138 527 1204 eidem
549 1137 597 1202 Jo.
620 1137 780 1201 Francisco
803 1136 895 1202 fidem
917 1138 1052 1203 babebis.
1099 1139 1214 1205 Datum
1237 1142 1353 1208 Romae
1371 1144 1426 1208 etc.

178 1256 260 1320 xxiii.
283 1254 440 1320 Februarii
463 1253 582 1319 mdrrrv.
627 1252 716 1317 Anno
740 1251 877 1318 secundo.

782 1515 834 1581 67.

605 1679 784 1740 cardinali
808 1679 1014 1754 campegro.

269 1837 387 1903 Dilecta
410 1835 456 1900 fili
484 1836 587 1901 noster
616 1835 671 1900 ete.
717 1833 793 1900 Cum
823 1835 856 1900 in
885 1855 978 1920 regne
1000 1837 1060 1901 isto
1083 1835 1237 1922 Ungariae
1267 1844 1370 1908 noster
1398 1847 1430 1909 et

182 1953 268 2020 Sedis
291 1951 484 2036 aposolicae
506 1951 543 2016 de
565 1951 660 2016 latere
682 1952 802 2034 legatus
826 1971 905 2016 nunc
926 1951 1059 2018 existens
1082 1955 1255 2021 nostrarum
1278 1957 1429 2025 sollicitu-

182 2071 288 2136 dinum
310 2069 515 2147 colchorum,
538 2085 613 2151 quos
636 2085 689 2150 pro
713 2068 811 2133 salute
840 2067 963 2134 illarum
987 2069 1075 2133 nobis
1099 2071 1349 2140 charissimamnr
1372 2095 1429 2141 na·

180 2189 299 2254 tionum
323 2184 506 2268 suscipimus
530 2184 572 2248 eis
595 2182 755 2267 particeps,
778 2201 814 2248 ac
835 2203 959 2266 presens
982 2184 1071 2251 facile
1086 2184 1187 2253 videre
1210 2189 1240 2254 et
1263 2188 1432 2258 discernere

185 2304 282 2387 possis
313 2320 388 2385 quae
421 2299 485 2364 siut
513 2298 552 2364 ad
581 2299 668 2383 regni
697 2298 841 2364 adversus
871 2300 984 2366 'lurcas
1014 2300 1220 2370 defensionem
1248 2308 1434 2386 necessaria;

185 2419 284 2502 sitque
306 2415 465 2500 expediens
488 2415 519 2481 et
540 2416 743 2498 opportunum
773 2416 887 2480 multoe
909 2418 941 2482 et
970 2416 1057 2482 donis
1087 2418 1298 2502 spiritualibus
1320 2425 1352 2488 et
1374 2425 1433 2490 ali-

185 2553 313 2619 quarum
328 2531 422 2598 etiam
437 2530 619 2596 facultatum
641 2530 798 2596 commodo
814 2531 853 2596 ad
868 2530 1058 2598 alacritatem
1074 2534 1218 2602 tutandae
1233 2537 1305 2603 fidei
1320 2536 1436 2606 Christi

186 2651 217 2717 et
246 2647 440 2733 vigilantiam
470 2647 619 2724 animare,
649 2645 911 2729 circumspectioni
939 2649 1025 2727 tuae,
1055 2648 1092 2714 de
1113 2650 1199 2716 cuius
1221 2653 1382 2736 prudentia
1405 2658 1436 2722 et

186 2761 363 2850 integritate
384 2763 418 2828 in
440 2762 529 2827 rebus
552 2761 694 2827 omnibns
718 2780 872 2827 summam
901 2762 993 2828 fidem
1023 2765 1054 2829 et
1075 2765 1248 2847 opinionem
1277 2768 1435 2851 babemus,

188 2881 355 2966 atquibus
377 2878 437 2944 tibi
458 2877 560 2943 risum
582 2876 675 2944 fuerit
696 2876 834 2960 expedire
863 2879 1020 2944 licentiam
1042 2880 1074 2944 et
1103 2880 1280 2950 facultatem
1309 2886 1435 2968 prebeas

189 2999 254 3064 sine
275 2997 378 3081 aliquo
399 3013 495 3079 penae
517 2995 570 3059 aut
592 3011 787 3059 censurarum
802 2993 926 3060 incursu
948 2995 1050 3078 aliqua
1072 3014 1143 3062 cum
1164 2998 1304 3066 hostibus
1321 2999 1438 3068 Christi

190 3112 369 3179 commercia
391 3107 524 3176 habendi
546 3111 577 3174 et
598 3127 707 3192 parvos
722 3109 872 3193 gladiolos
894 3110 948 3175 aut
969 3111 1064 3176 etiam
1079 3112 1153 3178 salis
1170 3133 1323 3182 summam
1337 3137 1435 3202 quau-

191 3232 257 3295 um
279 3227 339 3293 eur
361 3228 415 3291 aa
436 3225 481 3291 m
496 3224 648 3290 aarum
669 3225 898 3291 usvenans
919 3226 1048 3310 auosque
1070 3247 1108 3293 ne
1123 3227 1205 3295 seem
1227 3213 1322 3316 aare
1343 3234 1438 3300 emm

192 3346 248 3411 sub
272 3341 559 3409 excomunicationis
581 3359 678 3424 poena
700 3341 887 3425 probibendi,
916 3361 971 3408 nee
993 3363 1054 3410 non
1076 3343 1115 3408 iis
1138 3345 1191 3428 qui
1212 3347 1245 3412 in
1267 3349 1362 3432 prelio
1384 3371 1438 3434 pro

191 3461 303 3526 bonore
326 3457 440 3523 Christi
469 3458 501 3523 et
522 3456 671 3523 catholica
699 3456 759 3522 fide
787 3460 892 3526 contra
920 3457 1058 3525 infideles
1087 3459 1249 3528 militando
1272 3465 1439 3533 morientur

192 3575 328 3642 omnium
352 3591 476 3638 suorum
504 3573 694 3655 peccatorum
724 3573 892 3657 plenariam
915 3573 1138 3658 indulgentiam
1168 3578 1199 3642 et
1227 3579 1439 3648 remissionem

192 3689 400 3773 consequendi,
423 3687 598 3772 lapidesque
613 3690 643 3753 et
665 3690 802 3754 cementa
825 3707 860 3753 ac
875 3690 1037 3755 materiam
1058 3691 1252 3758 ecclesiarum
1268 3693 1440 3762 dirutarum

192 3807 225 3872 in
247 3805 416 3870 confinibus
431 3803 610 3883 infidelium,
633 3822 761 3887 quarum
779 3803 1013 3888 reparandamm
1030 3825 1098 3889 spes
1114 3808 1200 3872 nulla
1222 3811 1277 3889 est,
1299 3811 1332 3876 in
1355 3813 1439 3879 acdi-

194 3921 364 3986 ficationem
380 3921 411 3985 et
425 3919 679 3985 constructionem
698 3921 849 3998 moenium
866 3923 895 3986 et
912 3922 1027 3987 arcium
1043 3941 1076 3987 ac
1093 3925 1314 4006 reparationem
1337 3925 1444 3994 muni-'

194 4038 365 4102 mentorum
388 4054 441 4118 pro
464 4035 700 4112 christianorum
722 4036 819 4101 tutela
841 4037 1041 4116 convertendi,
1064 4039 1180 4122 gratias
1196 4060 1312 4125 quoque
1335 4045 1366 4109 et
1388 4044 1439 4110 in·

195 4153 370 4236 dulgentias
399 4151 558 4235 quibusvis
582 4169 599 4216 a
623 4148 699 4216 Sede
722 4152 888 4234 apostolica
917 4171 1075 4219 concessas
1099 4155 1126 4220 si
1149 4155 1227 4221 forte
1249 4177 1302 4241 per
1325 4159 1442 4225 bullam

194 4269 331 4334 nostram
346 4267 483 4334 moderni
504 4267 611 4335 iubilei
625 4269 780 4334 revocatae
803 4267 866 4334 siut
879 4269 913 4334 in
934 4270 1099 4352 pristinum
1116 4273 1232 4338 statum
1254 4275 1285 4340 et
1307 4275 1443 4359 rigorem

194 4384 384 4463 restituendi,
412 4386 548 4450 autnon
577 4402 644 4450 esse
666 4403 721 4449 nec
749 4383 844 4450 fuisse
873 4387 1028 4452 revocatas
1050 4386 1231 4468 declarandi,
1260 4389 1443 4475 bucusque,

197 4519 215 4566 a
239 4500 303 4566 suis
326 4501 461 4567 ecclesiis
493 4503 524 4566 et
545 4500 698 4566 beneficiis
728 4501 900 4566 absentium
924 4501 956 4566 in
979 4502 1103 4568 ciuitate
1125 4505 1156 4567 et
1178 4503 1290 4569 diocesi
1312 4503 1445 4584 dolonn,

251 4625 279 4672 tp
280 4627 472 4664 rrrrrrrrrrrrrr
486 4627 533 4669 rur.
1266 4613 1282 4679 7
