3380 5088
648 335 932 442 'ss-aee-

773 602 848 669 213.

352 766 546 828 Casimlrus
569 767 706 828 March.
729 767 1062 840 Brandeburgensie
1085 765 1268 826 Clementi.

632 877 720 965 (litt.
736 878 831 962 prino.
846 877 887 943 11.
903 875 993 961 294).

646 994 712 1080 (12.
727 995 845 1079 Aprilis
863 993 973 1081 1524).

272 1155 457 1223 Beatissimo
471 1156 505 1221 in
520 1153 642 1222 Christo
657 1157 749 1222 Pater
771 1156 803 1222 et
817 1155 939 1222 domine
954 1154 1076 1221 domino
1091 1153 1338 1221 elementissimo.
1360 1155 1436 1220 Post

185 1273 294 1342 devota
316 1272 426 1358 pedum
450 1273 554 1339 osoula
577 1273 735 1338 besorum
749 1271 959 1338 humillimam
981 1269 1275 1337 commendationem
1290 1290 1360 1337 oum
1377 1290 1434 1355 pa-

184 1390 341 1457 ratissime
364 1389 466 1456 animo
489 1390 522 1455 in
546 1389 678 1474 singulis
708 1387 901 1473 obsequendi
939 1386 1081 1454 Intellexi
1105 1387 1244 1472 pluribus
1267 1388 1390 1473 seriptis
1405 1389 1436 1454 et

184 1507 372 1574 testimoniis
393 1507 439 1574 ill
461 1505 609 1592 principis
632 1505 736 1572 trabis
752 1505 813 1573 mei
836 1504 1011 1572 charissimi
1032 1505 1150 1572 demini
1171 1503 1301 1571 Jeaunis
1315 1505 1437 1571 Alberti

182 1623 369 1690 marchionis
407 1621 742 1708 Brandembnrgonsis‚
789 1624 901 1708 quante
939 1622 1040 1707 gratia
1078 1624 1109 1689 et
1145 1622 1248 1689 favore
1287 1622 1435 1690 sanctitas

183 1741 282 1807 vestre
314 1740 455 1808 eumdem
487 1742 578 1824 atque
607 1739 702 1806 alium
732 1739 859 1806 fratrem
888 1758 991 1807 meum
1020 1738 1179 1806 dominum
1209 1737 1435 1824 Gynmpertum,

183 1853 307 1924 devotos
329 1856 412 1924 filios
428 1875 498 1923 suos
521 1857 552 1923 et
574 1857 742 1924 familiares
756 1858 963 1942 prosequetur.
986 1854 1063 1922 011111
1077 1855 1217 1941 preoipue
1239 1855 1345 1923 oedem
1361 1875 1434 1922 san-

182 1973 274 2040 otitas
310 1975 413 2040 vestra
450 1973 652 2041 ooadiutorias
690 1974 762 2040 illas
793 1972 1069 2058 Magdoburgensis
1099 1991 1135 2038 ao
1173 1971 1435 2040 Halberstatensis

183 2089 379 2158 ecelesiarum
401 2109 455 2174 pro
478 2089 596 2156 Joanne
619 2089 745 2156 iliberto
768 2089 863 2156 111111
886 2108 954 2154 meo
976 2088 1130 2173 praedicto
1153 2086 1190 2154 de
1213 2087 1338 2172 spooiali
1361 2107 1433 2154 san·

182 2206 301 2272 111111
324 2207 443 2272 vestrae
466 2205 544 2272 deno
566 2206 698 2291 benigno
719 2205 881 2285 roboravit
905 2204 1062 2289 eidemque
1084 2204 1169 2270 iuxta
1191 2206 1327 2272 tenorem
1349 2223 1434 2270 oom-

182 2323 344 2406 positionis
374 2323 456 2388 viam
487 2341 544 2406 qno
572 2321 651 2387 alias
673 2321 771 2388 exolvi
800 2341 912 2406 equum
934 2339 970 2387 ao
991 2319 1129 2388 debitum
1158 2320 1276 2398 finisset,
1302 2320 1436 2404 gratioso

183 2437 371 2518 condonavit
386 2437 435 2504 oui
451 2438 545 2504 etiam
554 2439 653 2503 vestre
669 2437 843 2503 sanctitatis
858 2437 896 2502 ob
912 2435 1048 2502 eiusdem
1056 2436 1212 2521 insignem
1225 2436 1350 2520 pietatis
1365 2436 1434 2502 ani·

184 2572 271 2619 mum
286 2553 317 2622 in
334 2554 445 2621 batres
467 2571 560 2632 meos,
576 2555 667 2637 atque
682 2554 755 2620 adeo
771 2554 804 2620 in
819 2571 941 2620 omnem
956 2551 1109 2619 familiam
1123 2553 1269 2631 1111111111,
1285 2552 1436 2620 maximas

182 2687 258 2754 quas
279 2687 405 2753 possum
428 2687 486 2754 ago
509 2671 540 2735 11
558 2669 655 2735 babeo
677 2669 794 2754 gratim
818 2668 992 2734 humillimo
1015 2669 1046 2734 et
1067 2667 1274 2734 devotissimis
1295 2667 1435 2752 preoibns

183 2787 355 2864 observans,
371 2785 450 2870 qnod
465 2784 572 2851 eadem
588 2805 610 2851 s.
627 2805 654 2852 v.
670 2803 724 2869 pro
740 2803 795 2851 sua
809 2801 958 2869 propensa
973 2784 1005 2850 11
1018 2783 1154 2869 gratiosa
1169 2783 1202 2850 in
1217 2783 1327 2850 frates
1341 2801 1435 2862 meos,

182 2903 214 2967 et
235 2919 309 2986 erga
331 2920 436 2968 omnes
458 2920 514 2968 nos
537 2901 574 2967 de
597 2902 686 2969 domo
702 2899 971 2986 Braudebmgensi
994 2899 1090 2966 animi
1109 2898 1265 2966 voluntate
1287 2899 1434 2966 1111111-

182 3016 312 3095 ficentia,
328 3035 388 3084 non
403 3017 509 3102 pigeat
524 3017 557 3082 in
572 3019 664 3083 antea
680 3015 795 3083 diutius
810 3033 1008 3100 perseverare,
1025 3014 1205 3099 eosdemque
1226 3014 1336 3081 batres
1351 3033 1436 3081 meos

182 3151 373 3216 summopere
397 3132 624 3199 commendatos
647 3132 758 3199 habere
772 3132 855 3198 velit
901 3128 966 3212 Quo
988 3130 1091 3198 omnia
1111 3150 1172 3198 uua
1187 3129 1265 3196 meis
1287 3149 1348 3197 non
1370 3131 1435 3196 11111

181 3247 328 3314 fratribus
351 3248 518 3332 praedietis
538 3267 634 3332 quam
657 3248 783 3315 coeteris
814 3247 959 3314 iratribus
982 3249 1073 3332 atque
1095 3246 1229 3313 dominis
1251 3247 1282 3312 et
1304 3264 1434 3312 oonsan·

182 3363 302 3447 guineis
325 3363 403 3429 meis
426 3363 569 3430 omuibus
592 3363 639 3428 nti
662 3363 819 3430 sanctitati
841 3365 960 3429 vestrae
983 3365 1014 3429 et
1035 3362 1172 3430 eiusdem
1196 3361 1325 3429 Sanotae
1348 3360 1436 3428 Sedis

184 3479 350 3563 apostolice
379 3478 572 3547 devotissimi
600 3480 632 3545 et
653 3477 896 3546 obedientissimi
918 3477 977 3544 filii
1003 3477 1195 3545 studebimus
1217 3477 1378 3545 indefessis
1401 3479 1433 3544 et

181 3593 386 3678 pamtissimis
408 3593 562 3681 obsequiis
585 3595 699 3662 nestris
723 3595 827 3662 sedulo
841 3593 1016 3678 promereri
1039 3594 1167 3662 eandem
1189 3613 1217 3660 1.
1234 3611 1257 3661 s.
1273 3611 1327 3678 pro
1350 3592 1434 3660 leliei

182 3708 331 3794 regimine
353 3711 496 3778 odolesiae
513 3729 566 3778 sue
589 3712 693 3778 saneto
708 3730 818 3778 sanum
834 3711 865 3776 et
879 3710 1066 3778 ineolumem
1088 3709 1190 3778 vivere
1213 3710 1358 3795 exoptans
1382 3728 1437 3793 per

181 3825 319 3910 tempora
341 3827 478 3912 longeva.
523 3825 579 3894 Oui
593 3845 644 3893 me
665 3828 696 3893 ot
711 3826 820 3892 fratres
835 3845 920 3893 meos
936 3845 1042 3895 omnes
1056 3825 1231 3893 humillime
1245 3825 1435 3903 oommendo

181 3940 225 4005 Ex
247 3942 348 4008 oestro
369 3961 437 4009 meo
460 3941 677 4027 Onolhspeobt
700 3941 877 4009 duodecima
894 3941 1019 4026 Aprilis.
1064 3941 1154 4008 Anno
1178 3939 1303 4008 Domini
1325 3939 1429 4006 mille·

182 4055 260 4122 simo
282 4055 432 4141 vigesimo
454 4059 570 4143 quarto.

1084 4171 1238 4240 Obedions
1261 4171 1344 4237 lilius

268 4404 437 4472 Casimirus
467 4403 602 4472 marobio
631 4403 960 4491 Braudembnrgeusis‚
995 4402 1120 4485 Stetini,
1136 4401 1331 4511 'Pomerauie
1364 4401 1432 4513 dux,

176 4521 416 4609 burgraviusquo
439 4518 686 4607 Numbergensis
710 4538 746 4589 eo
769 4519 869 4608 lingis
892 4519 1043 4608 princeps.
