3396 5090
693 366 847 434 ..pop
892 401 936 412 ..

188 559 310 647 scriptis
333 560 470 638 fecimus,
492 563 581 646 capto
602 561 738 645 tempore
760 557 889 626 duorum
918 561 1080 640 mensium,
1109 560 1192 627 intra
1213 559 1293 645 quod
1315 560 1436 644 tempus

187 695 365 762 responsum
387 677 426 743 ab
449 695 484 744 eo
500 678 531 743 et
545 676 794 744 deliberationem
818 675 866 742 sui
880 675 1001 743 consilii
1022 675 1238 760 reciperemns;
1261 693 1332 742 cum
1354 675 1436 742 enim

187 793 397 879 intelligemus
421 792 448 859 si
463 811 496 860 se
510 811 640 878 aequom
656 793 687 858 et
708 791 898 871 clementem,
922 791 1000 858 sicut
1021 792 1119 878 magis
1142 791 1304 871 credimus,
1326 789 1437 858 ansnr

187 909 368 994 praebuerit,
396 909 539 976 maximis
561 907 654 974 malis
682 907 812 976 liberam
841 909 872 975 et
893 910 994 974 tutem
1022 907 1280 974 christianitatem
1309 905 1380 986 loro,
1411 905 1439 972 si

190 1043 257 1092 vero
286 1024 452 1110 occupandi
474 1043 522 1092 res
552 1024 668 1091 alienas
690 1023 890 1109 cupiditatem
919 1022 1094 1104 ostenderit,
1123 1022 1212 1090 nobis
1234 1040 1353 1108 quoque
1374 1020 1437 1087 fore

190 1141 410 1220 necessarium,
442 1159 616 1226 quanquam
645 1139 860 1220 invitissimis,
888 1139 927 1206 ad
958 1159 1044 1206 arma
1072 1139 1210 1216 tendere;
1232 1138 1351 1225 gratius
1374 1138 1439 1204 Deo

188 1257 321 1324 multum
336 1275 403 1323 esse
425 1257 456 1322 et
471 1257 548 1323 bono
563 1255 701 1341 pontifici
722 1255 951 1324 convenientius
966 1255 1168 1322 iudicauimus
1190 1255 1268 1323 elios
1283 1255 1437 1322 retrahere

187 1391 206 1439 a
229 1373 361 1440 tumultu
378 1372 537 1452 bellorum,
560 1391 654 1458 quam
668 1371 872 1456 nosmetipsos
895 1371 985 1440 bellis
1000 1391 1082 1439 nune
1102 1371 1270 1448 involvere;
1293 1371 1437 1456 aquibus

187 1490 291 1555 tamen
313 1507 374 1556 non
389 1487 612 1555 abstinebimus
636 1487 663 1552 si
685 1505 807 1554 neccsse
829 1487 929 1566 fuerit,
952 1488 984 1554 et
1006 1488 1033 1552 si
1055 1487 1176 1554 iustitia
1190 1505 1226 1553 ac
1248 1485 1355 1572 religio
1374 1485 1437 1552 vim

187 1604 335 1670 iniustam
363 1623 455 1689 passa
484 1603 605 1670 inerint.
652 1601 711 1670 Sed
741 1604 859 1669 evenat
880 1603 937 1670 hoc
960 1603 1058 1682 Deus,
1087 1603 1235 1688 nobisque
1264 1602 1363 1670 exitus
1386 1621 1437 1668 eos

187 1719 330 1804 praebeat
358 1737 434 1804 quos
456 1720 537 1785 certe
566 1719 644 1785 bona
673 1738 762 1786 mens
790 1721 896 1786 nostra
918 1721 949 1785 et
971 1720 1113 1786 voluntas
1141 1719 1258 1804 publici
1287 1717 1438 1786 commodi

187 1838 334 1912 meretum
356 1836 392 1900 ut
413 1836 444 1901 et
458 1834 551 1901 Italic
573 1853 629 1901 sue
648 1835 791 1902 libertate
812 1836 894 1902 laeta
909 1835 959 1915 sit,
982 1836 1013 1902 et
1034 1835 1117 1902 lilius
1140 1836 1220 1915 tuns,
1242 1834 1383 1919 idemque
1404 1835 1438 1900 in

189 1951 310 2019 Christo
333 1952 443 2028 noster,
466 1950 631 2036 pristinam
646 1969 733 2017 suam
763 1950 948 2037 dignitatem
976 1951 1271 2037 amplitudinemque
1293 1951 1437 2018 obtineat.

189 2064 275 2147 Quod
296 2069 386 2152 plane
408 2065 589 2133 confidimus
612 2065 771 2134 Gaesarem
794 2085 861 2134 esse
882 2067 1043 2147 facturum,
1064 2067 1200 2152 primum
1223 2066 1302 2154 qnod
1315 2066 1437 2134 bonitm

187 2183 289 2266 ipsum
312 2200 367 2248 sna
389 2184 420 2249 et
442 2183 542 2249 cultus
570 2182 716 2262 iustitiae,
739 2181 776 2248 de
791 2201 851 2267 qua
874 2203 992 2268 semper
1014 2183 1158 2268 predicat,
1181 2183 1220 2249 ad
1242 2184 1299 2250 hoe
1321 2183 1436 2250 iacien-

190 2299 263 2364 dum
292 2319 362 2364 eum
392 2299 577 2376 hortabitur3
607 2297 716 2365 deinde
744 2297 824 2384 quod
853 2299 919 2383 ipse
948 2318 1066 2383 quoque
1094 2299 1206 2383 quietis
1236 2301 1268 2365 et
1298 2299 1382 2383 pacis
1405 2301 1439 2364 ut

191 2415 309 2481 videtur
323 2433 431 2480 amans
454 2416 485 2480 et
506 2415 633 2498 cupidus
655 2416 717 2491 est;
741 2417 808 2481 tum
823 2416 903 2500 quod
925 2434 979 2481 nos
1002 2416 1086 2482 omni
1110 2415 1211 2482 studio
1234 2417 1265 2481 et
1280 2414 1441 2500 diligentia

191 2531 358 2606 instemus;
374 2532 527 2615 postremo
543 2529 622 2616 quod
636 2531 848 2597 existimamus
864 2531 1056 2597 nobilitatem
1072 2533 1157 2597 tuam
1173 2533 1204 2598 et
1218 2530 1440 2598 christianissi-

190 2666 276 2713 mum
298 2647 399 2712 filium
421 2649 561 2712 nostrum
582 2665 655 2731 prae
677 2649 778 2712 vestre
808 2647 968 2714 amborum
990 2648 1103 2715 virtute
1126 2667 1161 2712 ac
1182 2647 1344 2732 prudentia
1366 2647 1441 2714 hoec

190 2762 273 2846 pacis
296 2762 398 2828 studia
421 2763 452 2829 et
466 2762 594 2828 consiliu
615 2781 684 2829 esse
699 2761 864 2831 adiuturos.
909 2763 993 2829 Haec
1007 2782 1063 2831 nos
1086 2765 1175 2830 nobe
1194 2765 1264 2830 tuae
1286 2764 1359 2830 nota
1373 2783 1440 2830 esse

190 2877 342 2945 voluimus
364 2880 399 2944 ut
421 2878 489 2963 ipsa
504 2879 677 2946 nostrornm
692 2880 829 2946 actorum
850 2878 1039 2964 intelligeret
1060 2879 1209 2946 mtionom
1230 2880 1263 2946 et
1278 2879 1440 2964 aliquando

190 2995 352 3061 manifeste
374 2995 509 3060 comeret
537 3013 597 3079 quo
619 2994 717 3061 simus
746 2995 849 3062 animo
871 3013 944 3080 erge
974 2995 1177 3062 universalem
1203 3013 1309 3081 pacem
1331 2997 1363 3062 et
1384 3015 1438 3062 re·

190 3112 288 3178 strum
310 3129 346 3178 ac
367 3109 455 3195 regni
476 3109 568 3176 istins
590 3109 784 3178 commodum
805 3109 951 3194 praediti;
980 3111 1144 3195 probamus
1166 3113 1249 3179 enim
1272 3110 1440 3197 plurimum

189 3226 271 3292 riam
292 3226 386 3312 pacis,
408 3245 494 3292 arma
516 3244 585 3293 vero
608 3225 648 3291 ad
662 3225 875 3293 necessitatem
898 3228 929 3293 et
951 3226 990 3292 ad
1013 3228 1183 3294 extremum
1205 3229 1367 3296 consilium
1389 3249 1438 3296 re·

192 3341 340 3409 servanda
368 3341 523 3421 ducimus,
553 3359 681 3424 qnorum
710 3341 924 3426 capiendorum
953 3343 1073 3409 utinam
1103 3343 1190 3409 nulla
1217 3362 1273 3410 nos
1307 3363 1438 3430 umquam

188 3458 297 3542 urgeat
311 3456 485 3524 necessitas.
531 3454 599 3537 Sed,
622 3458 657 3523 ut
678 3457 753 3524 baec
767 3457 819 3524 ria
839 3457 923 3542 pecie
939 3458 1037 3543 possit
1051 3477 1118 3527 osse
1136 3459 1310 3544 expeditior,
1332 3461 1438 3528 horta·

188 3591 257 3640 mur
278 3591 334 3640 nos
356 3572 480 3657 quidem
502 3573 616 3657 quanto
637 3591 800 3657 possumus
823 3573 920 3640 animi
942 3573 1043 3642 studio
1065 3575 1183 3643 nobem
1205 3577 1292 3643 tunm
1314 3578 1350 3643 ut
1370 3577 1439 3663 ipsa

189 3707 305 3774 quoque
328 3687 416 3756 nobis
431 3687 543 3754 auritio
566 3707 641 3769 esse,
664 3690 696 3755 et
711 3689 855 3774 spiritum
870 3689 951 3756 hunc
973 3690 1033 3757 Dei
1053 3709 1159 3776 pacem
1182 3691 1362 3777 inspirantis
1385 3713 1438 3760 en-

188 3803 287 3889 cipere
309 3803 364 3871 illo
387 3823 441 3872 suo
456 3804 604 3872 catholico
626 3807 745 3890 pectore
759 3805 887 3891 largiter
901 3805 984 3873 uelit
1017 3804 1073 3872 (tui
1087 3807 1210 3892 quidem
1225 3809 1289 3876 Deo
1311 3811 1439 3878 tetiam

188 3918 293 3986 caedes
316 3920 364 3987 tot
384 3921 547 3988 vastitates
569 3921 690 3987 tantam
718 3921 880 3988 christiani
910 3921 1069 4007 sanguinis
1098 3923 1275 3991 offersionem
1305 3926 1440 4010 grauiter

188 4033 380 4120 displicuisse
402 4035 471 4119 quis
493 4038 542 4104 est
564 4035 617 4122 qui
631 4035 773 4104 dubitet?
804 4033 891 4116 Quod
914 4036 941 4103 si
955 4037 1113 4122 quippiam
1135 4038 1229 4106 fuerit
1242 4040 1322 4125 quod
1337 4043 1438 4128 magis

187 4150 452 4245 particularitate
474 4152 563 4220 nobis
585 4152 712 4218 tracmri
733 4151 767 4219 in
788 4152 982 4220 commodum
1005 4154 1038 4221 et
1059 4153 1227 4221 utilitatem
1249 4157 1317 4222 nati
1338 4157 1385 4224 tui
1408 4161 1439 4225 et

187 4284 289 4334 rerum
311 4251 482 4334 vestrorum
504 4267 563 4334 tibi
591 4270 793 4353 opportunum
816 4268 916 4335 uisum
945 4269 1046 4351 luerit,
1075 4269 1129 4337 ubi
1151 4271 1301 4338 admoniti
1323 4272 1437 4339 erimus

187 4381 385 4467 aequabimus
408 4381 544 4449 studium
566 4383 654 4451 tuum
681 4387 785 4452 nostra
808 4383 968 4470 diligentia
991 4403 1026 4452 ac
1047 4386 1269 4465 benivolentia;
1291 4387 1344 4472 qui
1366 4407 1435 4453 curn

187 4495 225 4562 de
247 4497 398 4583 sapientia
420 4499 473 4565 tua
494 4498 662 4584 plurimum
684 4499 873 4581 confidimns,
903 4518 964 4566 non
986 4499 1171 4570 arbitramur
1200 4519 1268 4569 eom
1297 4502 1436 4588 pluribus
