3400 5088
894 591 946 656 96.

815 757 1027 829 Vlceregt.

344 882 348 891 Ι
379 913 498 979 Dilecto
528 911 582 978 fili.
637 909 721 992 Quae
750 931 815 978 ven.
845 912 881 977 fr.
912 910 1064 977 tumulus
1093 911 1251 996 episeopus
1281 912 1478 981 Pistoriensis
1506 929 1541 980 ex

290 1029 422 1096 adventu
445 1030 496 1095 dil.
520 1029 578 1095 filli
599 1029 726 1094 Adriani
748 1027 874 1094 Domini
896 1027 934 1094 de
958 1029 1096 1108 Bouron,
1119 1028 1151 1094 et
1171 1029 1343 1096 nobilitatis
1365 1032 1435 1096 tuae
1449 1045 1540 1095 mau-

288 1146 359 1212 dato
382 1146 421 1212 ad
442 1165 498 1212 nos
520 1147 639 1224 detulit,
663 1163 783 1211 summe
806 1163 866 1211 non
890 1145 988 1210 solum
1011 1144 1130 1210 laetitia
1146 1145 1198 1211 sed
1220 1146 1314 1211 etiam
1338 1145 1538 1213 admiratione

287 1263 426 1330 animum
455 1265 593 1329 nostrum
623 1263 857 1344 compleremut
888 1261 967 1327 hanc
989 1262 1071 1326 enim
1101 1265 1235 1328 menmm
1263 1262 1373 1347 optimi
1394 1265 1426 1329 et
1449 1267 1538 1329 serrui

288 1379 441 1457 Caesaris,
472 1380 551 1445 hanc
580 1377 792 1444 admirabilem
823 1378 1073 1460 temperantiam,
1104 1397 1197 1461 qnam
1219 1378 1252 1443 iu
1275 1379 1372 1444 tantis
1402 1380 1537 1448 victoriis

284 1499 430 1580 tantaque
451 1495 651 1580 prosperitate
673 1513 774 1558 rerum
797 1493 932 1559 omnium
962 1511 1035 1577 prae
1058 1511 1090 1558 se
1112 1493 1187 1571 fert,
1216 1495 1400 1579 quominus
1423 1499 1536 1564 uostris

283 1612 471 1695 temporibus
494 1612 643 1677 usitatum
666 1609 827 1687 ceruimus,
850 1609 906 1674 hoc
929 1610 1043 1674 maiore
1064 1609 1164 1694 gloria
1186 1612 1218 1674 et
1239 1610 1330 1675 laude
1353 1613 1384 1677 iu
1408 1611 1535 1679 Caesam

282 1726 421 1792 ducimus
443 1725 663 1803 celebmndam,
687 1744 754 1790 rara
769 1725 850 1791 euim
866 1724 940 1789 haec
955 1725 1017 1790 iam
1041 1726 1144 1791 usust
1167 1726 1267 1810 magis
1289 1747 1324 1792 en
1340 1729 1533 1812 antiquitatis

282 1843 428 1926 exemplis
457 1842 594 1925 repetita,
623 1859 715 1924 quam
738 1841 837 1905 aetate
867 1841 970 1904 nostra
993 1840 1195 1922 comprobata,
1226 1841 1407 1909 documenta
1436 1844 1532 1910 animi

280 1957 430 2024 moderati
451 1960 483 2023 et
503 1976 572 2022 vere
595 1955 751 2039 sapientis,
780 1955 813 2019 iu
835 1954 891 2020 hoc
914 1973 973 2020 uno
1002 1955 1185 2039 dignissimo
1207 1957 1239 2022 et
1266 1959 1532 2040 pmestautissimo

280 2073 416 2151 (laesere,
433 2073 601 2139 multomm
618 2072 788 2138 seculorum
803 2071 963 2136 intervallo
978 2071 1130 2136 cemimus
1146 2073 1303 2150 renovata3
1318 2074 1370 2159 qui
1385 2077 1417 2141 et
1432 2074 1528 2142 victo·

279 2189 365 2268 riam,
388 2208 448 2274 qua
471 2189 604 2254 maxima
625 2188 742 2272 potitus
765 2189 819 2263 est
843 2187 907 2251 Deo
923 2187 1054 2253 Domino
1077 2173 1261 2255 exercituum
1279 2190 1452 2257 uniuersam
1475 2211 1527 2257 ao·

278 2307 406 2390 ceptam,
430 2305 535 2380 refert3
560 2306 591 2370 et
613 2305 724 2371 delatis
747 2304 827 2369 ultro
852 2304 916 2368 suis
939 2303 1066 2368 devictis
1090 2303 1272 2370 adversariis
1295 2306 1527 2388 conditionibus,

275 2439 381 2505 pacem
403 2441 439 2488 ex
461 2440 497 2487 ea
512 2423 543 2488 et
565 2420 821 2506 tranquillitatem
844 2419 1027 2485 constituere
1049 2420 1123 2485 vult.
1168 2419 1283 2504 Magna
1306 2424 1378 2488 suut
1399 2423 1468 2501 ista
1491 2427 1527 2489 nt

273 2537 412 2604 dicimus.
436 2539 484 2604 vel
506 2538 607 2622 potius
630 2537 799 2603 mirabilia:
822 2536 876 2602 sed
890 2555 925 2602 oo
948 2537 1070 2616 maiora,
1093 2536 1173 2620 quod
1194 2539 1338 2620 superant
1353 2539 1525 2624 opinionem

274 2656 305 2719 et
327 2655 584 2721 consuetudinem.
631 2653 687 2718 Cui
714 2652 811 2736 igitur
834 2653 961 2718 dubium
990 2671 1057 2718 esse
1079 2655 1187 2736 potest
1217 2654 1291 2737 quin
1320 2655 1400 2721 hunc
1429 2657 1525 2722 talem

271 2771 451 2854 tantumque
473 2770 641 2853 principem
665 2769 812 2853 delegerit
826 2768 977 2834 Dominus
993 2768 1084 2846 Deus,
1108 2769 1157 2834 cui
1180 2772 1326 2853 tanquam
1348 2770 1438 2836 alteri
1455 2771 1521 2836 Da·

271 2887 334 2953 vidi
356 2889 388 2953 et
409 2906 536 2971 regnum
567 2885 720 2969 potentiae
750 2905 831 2962 suae,
860 2886 892 2950 et
912 2885 1017 2968 populi
1041 2885 1088 2950 sui
1118 2885 1248 2951 salutem
1271 2885 1521 2953 demandaverit?

270 3003 381 3070 Valeat
403 3003 492 3068 modo
508 3003 561 3068 ille
584 3003 725 3087 vivatque
740 3003 771 3066 et
793 3001 911 3066 frustm
926 3002 983 3066 hac
998 3002 1133 3083 preclara
1155 3002 1186 3066 et
1203 3001 1315 3067 eximia
1329 3003 1520 3086 possessione

269 3119 393 3184 rutulis
408 3121 439 3184 et
454 3118 720 3203 magnanimitatis
744 3136 831 3194 suue3
853 3119 978 3200 paratus
993 3119 1041 3183 est
1063 3117 1280 3184 christianitati
1297 3117 1443 3199 defensor,
1466 3119 1519 3204 qui

267 3253 336 3300 eam
358 3237 406 3300 lot
428 3238 458 3301 et
480 3236 546 3300 tam
568 3233 721 3301 diutumis
744 3233 835 3298 malis
858 3233 1059 3316 periculisque
1082 3235 1229 3312 vescam,
1252 3233 1285 3298 in
1301 3253 1388 3301 suam
1411 3235 1515 3321 digni·

266 3352 362 3417 tatem
385 3351 537 3429 vendicet,
560 3351 612 3434 qui
634 3350 729 3434 impia
751 3369 837 3415 arma
860 3349 1056 3432 comprimat,
1080 3350 1185 3414 sancta
1206 3351 1239 3415 et
1260 3351 1408 3417 salutaria
1430 3371 1514 3419 eom·

266 3469 394 3533 moveat.
439 3467 477 3532 In
499 3467 609 3551 quibus
632 3466 722 3531 lactis
752 3465 873 3549 magnis
896 3483 932 3530 ac
954 3465 1187 3548 praestantibus,
1217 3468 1271 3530 tua
1292 3467 1340 3532 illi
1369 3468 1515 3536 nobilitas

265 3584 389 3650 solitam
418 3585 562 3650 virtutem
593 3584 623 3648 et
645 3581 839 3665 pmdentiam
860 3581 944 3646 fideli
974 3581 1144 3648 ministerio
1174 3583 1348 3665 praebitura
1369 3587 1432 3662 est3
1461 3586 1513 3670 qui

264 3698 302 3764 ad
316 3699 443 3765 Domini
465 3699 512 3766 tui
534 3701 667 3764 mentem
690 3699 723 3764 et
745 3700 885 3762 naturam
909 3697 1152 3763 accommodatus
1175 3699 1207 3762 et
1228 3698 1262 3763 in
1279 3699 1422 3782 periculis
1445 3701 1511 3766 sin·

261 3815 400 3899 gularem
429 3815 639 3880 tortitudinem
669 3813 851 3892 adhibuisti,
881 3817 913 3879 et
935 3812 1059 3896 depulso
1082 3813 1223 3897 periculo,
1254 3834 1375 3882 summa
1404 3815 1511 3883 deiude

261 3930 466 3997 moderatione
495 3950 568 3995 usus
598 3949 645 4004 es3
679 3932 713 3995 ut
742 3931 885 4014 appareat
914 3930 993 3995 tales
1023 3930 1218 4013 potissimum
1245 3931 1352 3998 debere
1384 3933 1509 4011 vincere,

260 4045 312 4130 qui
335 4045 434 4112 sciant
457 4046 517 4111 sibi
539 4045 572 4110 in
595 4045 721 4111 victoria
743 4049 919 4129 temperare,
943 4045 996 4129 qui
1018 4047 1121 4112 tamen
1139 4045 1248 4112 modus
1271 4047 1378 4114 unicus
1400 4051 1447 4114 est
1470 4049 1508 4114 ad

257 4161 345 4228 dmm
368 4160 583 4226 stabiliendam
599 4163 630 4226 et
645 4160 889 4246 perpetuandam
912 4157 996 4240 Quae
1012 4179 1081 4226 vero
1096 4161 1134 4226 de
1155 4161 1292 4228 eiusdem
1311 4163 1509 4230 invictissimi

257 4278 288 4343 et
311 4276 437 4343 maximi
452 4275 590 4342 Caesaris
614 4277 770 4342 uoluntate
791 4295 864 4362 erga
886 4295 942 4342 uos
958 4276 1097 4343 benivola
1120 4278 1211 4360 atque
1232 4297 1389 4362 propensu,
1412 4279 1507 4345 etiam

255 4391 462 4475 cognovimus,
485 4411 578 4476 quam
593 4394 681 4476 putat
696 4393 803 4458 noba·
825 4393 878 4457 tua
895 4392 985 4458 nobis
1001 4393 1142 4457 attulisse
1157 4393 1255 4458 animi
1270 4392 1504 4460 iucunditatem!

256 4511 488 4594 expectabamus
512 4508 633 4592 quidem
658 4510 696 4573 ab
719 4527 753 4573 eo
776 4509 832 4574 hoc
854 4509 964 4592 ipsum,
988 4509 1158 4592 consciique
1177 4511 1297 4575 nostrae
1319 4529 1391 4594 erga
1413 4509 1503 4576 illum
