3400 5088
695 289 916 358 ...79-

174 507 249 554 nam
270 507 341 554 oum
355 487 487 572 reliquos
510 505 615 553 omnes
629 505 725 571 pagos
748 487 928 552 auctoritate
951 487 981 552 et
996 486 1130 571 primatu
1146 487 1324 554 antecellere
1341 485 1428 553 vide·

176 604 295 684 remini‚
318 603 442 670 virtutis
465 622 535 669 vero
557 605 589 669 et
610 602 801 668 fortitudinis
826 621 860 668 ac
883 602 916 668 in
931 603 1010 668 hanc
1030 601 1176 669 Sanctam
1191 602 1300 670 Sedem
1323 605 1428 670 obser·

176 719 297 786 vantine
318 720 495 805 precipuum
524 738 635 784 nomen
657 717 844 799 obtineretis,
866 739 922 785 nos
945 719 1039 785 etiarn
1062 719 1172 784 vestris
1201 720 1334 805 egregiis
1356 739 1429 804 ope·

175 836 260 902 ribus
283 837 385 903 vestra
413 854 469 919 ope
499 836 589 919 atque
612 834 725 900 auxilio
748 853 819 900 oum
841 835 874 900 in
904 834 1073 901 minoribus
1103 835 1264 902 constituti
1292 854 1429 902 essemus

176 952 338 1040 aliquando
362 951 513 1021 sublevati
541 951 631 1034 atque
654 949 753 1015 adiuti
774 949 971 1036 gratissimae
999 951 1086 1017 vobis
1116 953 1237 1017 nostrae
1260 951 1428 1017 voluntatis

175 1067 309 1134 officium
333 1087 451 1151 semper
473 1066 699 1150 praestitimus3
721 1085 819 1150 neque
844 1065 1108 1132 dissimulavimus
1131 1086 1186 1132 nos
1202 1067 1429 1132 Turricensium

176 1183 294 1250 nomini
315 1185 346 1249 11
361 1182 469 1248 virtuti
484 1181 651 1266 singularis
674 1182 903 1248 benevolentiae
918 1201 985 1248 esse
1000 1181 1160 1248 debitores.
1191 1181 1325 1267 Cumque
1341 1182 1429 1248 initio

175 1299 370 1383 pontificatus
393 1297 491 1365 nostri
512 1299 647 1365 veterem
662 1297 905 1364 coniunctionem
928 1299 960 1364 11
981 1297 1150 1364 amicitiam
1173 1317 1250 1383 puae
1272 1297 1343 1363 huic
1359 1295 1430 1362 sae

176 1413 247 1480 Sedi
269 1414 322 1479 diu
337 1415 409 1480 ante
424 1414 581 1480 vobiscum
598 1413 810 1480 intercesserat
830 1415 861 1480 et
876 1414 964 1479 nobis
980 1433 1049 1479 cum
1065 1411 1181 1480 eisdem
1195 1412 1282 1479 vobis
1297 1412 1429 1478 maxime

175 1529 380 1596 intercedebat
395 1529 533 1596 stabilire
548 1531 580 1595 11
594 1548 737 1596 renovare
752 1529 977 1609 meditaremur,
992 1529 1127 1613 primum
1143 1528 1326 1612 apostolicae
1342 1525 1429 1594 Sedis

174 1646 282 1712 multis
313 1645 515 1712 incommodis
544 1646 576 1711 et
604 1644 837 1712 difficultatibus
867 1644 992 1711 attritae
1020 1645 1051 1711 et
1078 1645 1243 1711 exhaustae
1273 1661 1344 1728 opes
1372 1661 1429 1709 nos

175 1762 367 1846 aliquantum
399 1761 592 1846 supersedere
628 1763 660 1827 11
691 1761 879 1827 commodius
915 1762 1036 1846 tempus
1068 1761 1223 1845 expectare
1258 1759 1428 1844 coegemnt,

175 1877 282 1944 deinde
304 1877 408 1963 gravis
430 1877 484 1944 illc
506 1877 635 1942 nuncius
665 1877 804 1942 animum
826 1879 965 1943 nostmm
988 1877 1152 1961 percussit:
1182 1895 1236 1943 vos
1258 1877 1316 1942 teli
1338 1877 1428 1942 antea

174 1993 286 2059 virtute
310 1993 366 2061 tali
388 1993 422 2059 iu
438 1991 548 2059 Sedem
571 1992 770 2076 apostolicam
793 1994 960 2060 reverentia
983 1993 1040 2058 tali
1062 1992 1094 2059 in
1113 1992 1213 2059 Deum
1235 1990 1427 2076 omnipoten-

175 2110 238 2175 tem
253 2110 366 2176 honore
380 2109 494 2194 pietate
509 2108 657 2193 religione
671 2108 824 2193 praeditos
839 2108 1040 2194 quorumdam
1055 2108 1262 2192 improbomm
1278 2110 1309 2174 11
1332 2108 1427 2174 scele-

175 2225 310 2291 ratomm
333 2225 485 2291 consiliis:
508 2224 562 2309 qui
583 2224 668 2308 leges
693 2225 809 2290 summi
822 2225 882 2290 Dei
904 2244 979 2308 quas
1001 2224 1063 2308 ipsi
1085 2225 1183 2309 primo
1208 2224 1383 2310 spreverant
1398 2223 1430 2289 et

175 2339 348 2406 obiecerant
361 2340 448 2407 vobis
464 2359 581 2425 quoque
597 2338 781 2423 spernendas
797 2342 829 2406 et
843 2339 1068 2426 posthabendas
1085 2339 1255 2418 suaserunt
1273 2340 1429 2404 assuetae

175 2455 332 2540 religionis
354 2475 424 2521 vero
447 2456 531 2521 cultu
553 2475 572 2520 a
595 2458 769 2521 sanctorum
791 2456 914 2539 patrum
936 2454 1088 2521 institutis
1111 2456 1143 2520 et
1164 2474 1183 2519 a
1205 2455 1355 2521 maiorum
1371 2453 1430 2539 piis

176 2590 212 2636 ac
232 2570 386 2654 religiosis
409 2570 554 2636 doctrinis
578 2571 804 2655 aliquantulum
827 2570 974 2636 abductos
997 2589 1078 2636 esse:
1101 2571 1133 2636 11
1155 2570 1235 2654 quod
1249 2569 1338 2636 nobis
1361 2588 1429 2636 mo·

175 2685 285 2751 lestius
308 2685 503 2764 afferebatur,
532 2705 582 2751 eos
605 2686 658 2770 qni
679 2685 785 2771 iniqua
807 2686 956 2753 eiusmodi
979 2686 1106 2752 consilia
1128 2685 1214 2752 vobis
1238 2687 1429 2764 obtulissent,

177 2819 302 2866 euamm
325 2792 502 2884 opinionum
516 2800 681 2886 impiamm
705 2803 876 2885 protentum
899 2803 996 2868 aDec
1019 2803 1110 2886 ablue
1132 2802 1171 2867 ab
1194 2801 1351 2887 evangelio
1366 2801 1428 2867 im·

175 2916 397 3000 pudentissimo
421 2935 554 2982 sumere:
584 2917 673 3001 quasi
694 2918 744 2984 his
767 2917 854 2983 novis
877 2917 1094 3002 interpretibus
1116 2918 1253 3003 maligno
1277 2915 1429 2984 Sathenae

177 3031 287 3116 spiritu
302 3031 462 3098 instaretis
477 3051 513 3097 ac
522 3051 581 3098 non
597 3032 891 3117 gloriosissimomm
906 3033 1029 3099 illomm
1040 3033 1197 3100 doctomm
1212 3033 1429 3118 celestiumque

175 3166 337 3231 preconum
360 3166 435 3231 quos
459 3147 585 3232 spiritus
608 3148 667 3213 Dei
690 3150 813 3214 sanctus
836 3147 996 3215 edocuerat
1019 3149 1251 3216 auctoritatibus
1273 3149 1376 3233 potius
1398 3148 1429 3214 11

176 3263 336 3330 sententiis
359 3263 461 3346 ipsum
484 3263 678 3348 evangelium
701 3263 743 3329 sit
764 3263 1046 3348 interpretandum:
1077 3264 1130 3349 qui
1150 3266 1361 3349 perpetuatum
1383 3263 1431 3330 tot

176 3377 238 3444 iam
269 3377 378 3444 seculis
409 3396 481 3444 suae
510 3377 664 3444 doctrinae
694 3378 786 3445 fidem
819 3399 880 3446 non
910 3381 1129 3464 probavissent,
1161 3380 1222 3447 nisi
1251 3400 1302 3447 eos
1326 3377 1431 3447 Sancti

177 3490 309 3576 Spiritus
331 3493 433 3578 gratia
447 3496 479 3559 11
500 3493 599 3579 gloria
621 3494 816 3561 illustrasset.
850 3493 910 3575 Qui
932 3515 1003 3581 ergo
1026 3495 1081 3562 isti
1104 3498 1177 3562 sunt
1198 3497 1269 3563 novi
1292 3498 1430 3563 auctores

176 3593 327 3693 evangelii
348 3609 470 3693 quivos
494 3611 618 3695 gentem
633 3611 768 3678 nobilem
791 3614 821 3677 11
837 3612 1128 3679 christianissimam
1142 3613 1206 3679 Deo
1229 3609 1431 3698 omnipotenti

179 3723 209 3786 11
236 3723 331 3790 matri
359 3725 478 3790 vestrae
508 3725 674 3792 catholicae
704 3727 847 3793 eeclesiae
876 3727 991 3812 eripere
1020 3727 1227 3795 contendunt?
1257 3747 1356 3796 nonne
1378 3728 1432 3814 qui

180 3836 288 3905 laxatis
310 3839 516 3907 continentiae
531 3842 562 3906 11
584 3841 749 3925 pudicitiae
772 3841 866 3909 frenis
882 3843 1095 3928 turpissimam
1118 3863 1205 3910 suam
1221 3844 1429 3930 intemperan-

176 3952 253 4020 tiam
275 3955 376 4021 verbis
400 3935 620 4040 scripturamm
643 3975 705 4046 non
728 3977 824 4042 sensu
838 3961 919 4025 recto
942 3959 1043 4044 tegere
1059 3961 1228 4026 conantur?
1250 3961 1303 4046 qui
1324 3979 1431 4046 pacem

175 4070 207 4135 11
228 4070 419 4137 concordiam
442 4091 534 4155 quarn
557 4071 698 4139 dominus
730 4075 834 4139 noster
855 4073 947 4140 Jesus
964 4073 1105 4140 Christus
1129 4076 1234 4142 abiens
1257 4075 1296 4142 ad
1310 4078 1430 4162 patrem

173 4187 321 4271 tauquam
336 4189 522 4255 testamento
537 4189 661 4255 coelesti
675 4189 852 4276 bominibus
869 4189 992 4274 legavit
1016 4189 1147 4257 emedio
1163 4193 1299 4257 vestrum
1322 4193 1429 4260 tollere
1475 4183 1479 4192 ’

173 4305 205 4368 11
228 4302 392 4370 seditiones
415 4303 595 4370 inimicitias
617 4305 751 4389 pericula
775 4305 925 4372 seminare
948 4307 1149 4372 contendunt:
1174 4306 1307 4391 quiquo
1331 4309 1427 4374 scele-

173 4437 242 4485 rum
266 4419 297 4483 11
318 4418 545 4506 turpitudinum
568 4439 692 4486 suamm
715 4419 813 4486 maior
836 4421 878 4487 sit
899 4421 963 4488 illis
982 4424 1089 4507 parata
1112 4421 1247 4489 defensio
1270 4421 1373 4488 omnia
1396 4421 1430 4491 111
