<?xml version="1.0" encoding="UTF-8"?>
<!DOCTYPE html PUBLIC "-//W3C//DTD XHTML 1.0 Transitional//EN"
    "http://www.w3.org/TR/xhtml1/DTD/xhtml1-transitional.dtd">
<html xmlns="http://www.w3.org/1999/xhtml" xml:lang="en" lang="en">
 <head>
  <title>
</title>
<meta http-equiv="Content-Type" content="text/html;charset=utf-8" />
  <meta name='ocr-system' content='tesseract 3.04.00' />
  <meta name='ocr-capabilities' content='ocr_page ocr_carea ocr_par ocr_line ocrx_word'/>
</head>
<body>
  <div class='ocr_page' id='page_1' title='image "./monumentasaecul00clemgoog_0094.png"; bbox 0 0 3400 5088; ppageno 0'>
   <div class='ocr_carea' id='block_1_1' title="bbox 681 355 902 423">
    <p class='ocr_par' dir='ltr' id='par_1_1' title="bbox 681 355 902 423">
     <span class='ocr_line' id='line_1_1' title="bbox 681 355 902 423; baseline -0.023 -15"><span class='ocrx_word' id='word_1_1' title='bbox 681 355 902 423; x_wconf 69' lang='grc' dir='ltr'>...Π-.-</span> 
     </span>
    </p>
   </div>
   <div class='ocr_carea' id='block_1_2' title="bbox 162 551 1418 1101">
    <p class='ocr_par' dir='ltr' id='par_1_2' title="bbox 162 551 1418 1101">
     <span class='ocr_line' id='line_1_2' title="bbox 255 551 1417 640; baseline 0 -20"><span class='ocrx_word' id='word_1_2' title='bbox 255 554 321 634; x_wconf 79' lang='lat' dir='ltr'>,le</span> <span class='ocrx_word' id='word_1_3' title='bbox 335 551 539 638; x_wconf 80' lang='lat' dir='ltr'>intelligimus</span> <span class='ocrx_word' id='word_1_4' title='bbox 554 569 610 618; x_wconf 93' lang='lat' dir='ltr'>nos</span> <span class='ocrx_word' id='word_1_5' title='bbox 626 551 749 636; x_wconf 88' lang='lat' dir='ltr'>quidem</span> <span class='ocrx_word' id='word_1_6' title='bbox 771 552 811 618; x_wconf 88' lang='lat' dir='ltr'>sd</span> <span class='ocrx_word' id='word_1_7' title='bbox 832 553 911 620; x_wconf 84' lang='lat' dir='ltr'>hanc</span> <span class='ocrx_word' id='word_1_8' title='bbox 926 573 992 621; x_wconf 91' lang='lat' dir='ltr'>rem</span> <span class='ocrx_word' id='word_1_9' title='bbox 1014 552 1218 640; x_wconf 80' lang='lat' dir='ltr'>peragendam</span> <span class='ocrx_word' id='word_1_10' title='bbox 1233 571 1346 638; x_wconf 87' lang='lat' dir='ltr'>magna</span> <span class='ocrx_word' id='word_1_11' title='bbox 1362 553 1417 620; x_wconf 91' lang='lat' dir='ltr'>abs</span> 
     </span>
     <span class='ocr_line' id='line_1_3' title="bbox 164 667 1418 754; baseline 0 -17"><span class='ocrx_word' id='word_1_12' title='bbox 164 674 194 737; x_wconf 92' lang='lat' dir='ltr'>te</span> <span class='ocrx_word' id='word_1_13' title='bbox 216 671 330 737; x_wconf 80' lang='lat' dir='ltr'>auxilia</span> <span class='ocrx_word' id='word_1_14' title='bbox 351 670 450 736; x_wconf 88' lang='lat' dir='ltr'>eidem</span> <span class='ocrx_word' id='word_1_15' title='bbox 465 671 543 735; x_wconf 75' lang='lat' dir='ltr'>carli</span> <span class='ocrx_word' id='word_1_16' title='bbox 560 668 655 734; x_wconf 85' lang='lat' dir='ltr'>fuisse</span> <span class='ocrx_word' id='word_1_17' title='bbox 678 669 787 735; x_wconf 91' lang='lat' dir='ltr'>oblata.</span> <span class='ocrx_word' id='word_1_18' title='bbox 827 667 892 749; x_wconf 83' lang='lat' dir='ltr'>Quo</span> <span class='ocrx_word' id='word_1_19' title='bbox 907 671 988 736; x_wconf 86' lang='lat' dir='ltr'>certe</span> <span class='ocrx_word' id='word_1_20' title='bbox 1002 670 1112 737; x_wconf 90' lang='lat' dir='ltr'>nuncio</span> <span class='ocrx_word' id='word_1_21' title='bbox 1127 671 1295 754; x_wconf 88' lang='lat' dir='ltr'>plurimum</span> <span class='ocrx_word' id='word_1_22' title='bbox 1310 671 1418 738; x_wconf 84' lang='lat' dir='ltr'>laetati</span> 
     </span>
     <span class='ocr_line' id='line_1_4' title="bbox 164 783 1414 871; baseline -0.002 -17"><span class='ocrx_word' id='word_1_23' title='bbox 164 807 279 867; x_wconf 89' lang='lat' dir='ltr'>sumus,</span> <span class='ocrx_word' id='word_1_24' title='bbox 301 785 532 871; x_wconf 85' lang='lat' dir='ltr'>recognovimus</span> <span class='ocrx_word' id='word_1_25' title='bbox 555 784 638 850; x_wconf 88' lang='lat' dir='ltr'>enim</span> <span class='ocrx_word' id='word_1_26' title='bbox 659 783 694 848; x_wconf 90' lang='lat' dir='ltr'>in</span> <span class='ocrx_word' id='word_1_27' title='bbox 716 783 773 850; x_wconf 83' lang='lat' dir='ltr'>hac</span> <span class='ocrx_word' id='word_1_28' title='bbox 788 783 990 851; x_wconf 77' lang='lat' dir='ltr'>declaratione</span> <span class='ocrx_word' id='word_1_29' title='bbox 1012 787 1083 852; x_wconf 83' lang='lat' dir='ltr'>trae</span> <span class='ocrx_word' id='word_1_30' title='bbox 1096 787 1272 866; x_wconf 84' lang='lat' dir='ltr'>voluntatis,</span> <span class='ocrx_word' id='word_1_31' title='bbox 1295 804 1414 853; x_wconf 90' lang='lat' dir='ltr'>omnem</span> 
     </span>
     <span class='ocr_line' id='line_1_5' title="bbox 162 883 1416 985; baseline -0.002 -16"><span class='ocrx_word' id='word_1_32' title='bbox 162 903 251 969; x_wconf 87' lang='lat' dir='ltr'>illem</span> <span class='ocrx_word' id='word_1_33' title='bbox 273 903 428 982; x_wconf 85' lang='lat' dir='ltr'>virtutem,</span> <span class='ocrx_word' id='word_1_34' title='bbox 459 919 551 985; x_wconf 88' lang='lat' dir='ltr'>quam</span> <span class='ocrx_word' id='word_1_35' title='bbox 573 900 607 966; x_wconf 94' lang='lat' dir='ltr'>in</span> <span class='ocrx_word' id='word_1_36' title='bbox 629 902 660 966; x_wconf 89' lang='lat' dir='ltr'>te</span> <span class='ocrx_word' id='word_1_37' title='bbox 683 920 802 985; x_wconf 86' lang='lat' dir='ltr'>semper</span> <span class='ocrx_word' id='word_1_38' title='bbox 815 883 1025 968; x_wconf 51' lang='lat' dir='ltr'>¹iudicauimus</span> <span class='ocrx_word' id='word_1_39' title='bbox 1048 887 1224 982; x_wconf 81' lang='lat' dir='ltr'>maximum,</span> <span class='ocrx_word' id='word_1_40' title='bbox 1253 901 1416 967; x_wconf 83' lang='lat' dir='ltr'>excitatam</span> 
     </span>
     <span class='ocr_line' id='line_1_6' title="bbox 162 1016 1415 1101; baseline -0.002 -17"><span class='ocrx_word' id='word_1_41' title='bbox 162 1017 257 1084; x_wconf 89' lang='lat' dir='ltr'>fuisse</span> <span class='ocrx_word' id='word_1_42' title='bbox 280 1037 381 1084; x_wconf 87' lang='lat' dir='ltr'>amore</span> <span class='ocrx_word' id='word_1_43' title='bbox 404 1016 524 1083; x_wconf 84' lang='lat' dir='ltr'>diuinae</span> <span class='ocrx_word' id='word_1_44' title='bbox 546 1016 713 1100; x_wconf 83' lang='lat' dir='ltr'>religionis,</span> <span class='ocrx_word' id='word_1_45' title='bbox 736 1017 768 1081; x_wconf 93' lang='lat' dir='ltr'>et</span> <span class='ocrx_word' id='word_1_46' title='bbox 790 1017 956 1101; x_wconf 85' lang='lat' dir='ltr'>singularis</span> <span class='ocrx_word' id='word_1_47' title='bbox 979 1019 1049 1084; x_wconf 84' lang='lat' dir='ltr'>tuae</span> <span class='ocrx_word' id='word_1_48' title='bbox 1072 1017 1105 1083; x_wconf 92' lang='lat' dir='ltr'>in</span> <span class='ocrx_word' id='word_1_49' title='bbox 1127 1017 1260 1101; x_wconf 86' lang='lat' dir='ltr'>patriam</span> <span class='ocrx_word' id='word_1_50' title='bbox 1282 1016 1415 1101; x_wconf 83' lang='lat' dir='ltr'>pietatis,</span> 
     </span>
    </p>
   </div>
   <div class='ocr_carea' id='block_1_3' title="bbox 163 1123 1549 1217">
    <p class='ocr_par' dir='ltr' id='par_1_3' title="bbox 163 1123 1549 1217">
     <span class='ocr_line' id='line_1_7' title="bbox 163 1123 1549 1217; baseline -0.003 -17"><span class='ocrx_word' id='word_1_51' title='bbox 163 1135 211 1200; x_wconf 90' lang='lat' dir='ltr'>cui</span> <span class='ocrx_word' id='word_1_52' title='bbox 233 1123 329 1200; x_wconf 84' lang='lat' dir='ltr'>etiam</span> <span class='ocrx_word' id='word_1_53' title='bbox 350 1133 485 1198; x_wconf 74' lang='lat' dir='ltr'>detersa</span> <span class='ocrx_word' id='word_1_54' title='bbox 506 1132 587 1197; x_wconf 85' lang='lat' dir='ltr'>inter</span> <span class='ocrx_word' id='word_1_55' title='bbox 608 1150 662 1197; x_wconf 87' lang='lat' dir='ltr'>vos</span> <span class='ocrx_word' id='word_1_56' title='bbox 685 1131 876 1198; x_wconf 86' lang='lat' dir='ltr'>necessitudo</span> <span class='ocrx_word' id='word_1_57' title='bbox 898 1132 1068 1199; x_wconf 87' lang='lat' dir='ltr'>fomentum</span> <span class='ocrx_word' id='word_1_58' title='bbox 1090 1130 1308 1217; x_wconf 67' lang='lat' dir='ltr'>praestrue-‚p</span> <span class='ocrx_word' id='word_1_59' title='bbox 1356 1129 1416 1197; x_wconf 82' lang='lat' dir='ltr'>Sed</span> <span class='ocrx_word' id='word_1_60' title='bbox 1544 1167 1549 1172; x_wconf 96' lang='lat'>-</span> 
     </span>
    </p>
   </div>
   <div class='ocr_carea' id='block_1_4' title="bbox 159 1247 1417 2470">
    <p class='ocr_par' dir='ltr' id='par_1_4' title="bbox 159 1247 1417 2470">
     <span class='ocr_line' id='line_1_8' title="bbox 162 1247 1415 1333; baseline -0.002 -18"><span class='ocrx_word' id='word_1_61' title='bbox 162 1251 197 1315; x_wconf 88' lang='lat' dir='ltr'>ut</span> <span class='ocrx_word' id='word_1_62' title='bbox 218 1249 294 1315; x_wconf 89' lang='lat' dir='ltr'>haec</span> <span class='ocrx_word' id='word_1_63' title='bbox 315 1248 435 1327; x_wconf 86' lang='lat' dir='ltr'>melius,</span> <span class='ocrx_word' id='word_1_64' title='bbox 458 1247 629 1331; x_wconf 70' lang='lat' dir='ltr'>certusque</span> <span class='ocrx_word' id='word_1_65' title='bbox 651 1251 797 1333; x_wconf 88' lang='lat' dir='ltr'>gerantur</span> <span class='ocrx_word' id='word_1_66' title='bbox 819 1265 855 1314; x_wconf 91' lang='lat' dir='ltr'>ac</span> <span class='ocrx_word' id='word_1_67' title='bbox 875 1248 1041 1332; x_wconf 89' lang='lat' dir='ltr'>impiorum</span> <span class='ocrx_word' id='word_1_68' title='bbox 1063 1249 1191 1315; x_wconf 85' lang='lat' dir='ltr'>consilis</span> <span class='ocrx_word' id='word_1_69' title='bbox 1214 1249 1245 1313; x_wconf 82' lang='lat' dir='ltr'>et</span> <span class='ocrx_word' id='word_1_70' title='bbox 1267 1247 1415 1313; x_wconf 82' lang='lat' dir='ltr'>factiones</span> 
     </span>
     <span class='ocr_line' id='line_1_9' title="bbox 161 1361 1417 1447; baseline -0.002 -16"><span class='ocrx_word' id='word_1_71' title='bbox 161 1366 274 1431; x_wconf 88' lang='lat' dir='ltr'>terrore</span> <span class='ocrx_word' id='word_1_72' title='bbox 296 1363 430 1430; x_wconf 89' lang='lat' dir='ltr'>nominis</span> <span class='ocrx_word' id='word_1_73' title='bbox 453 1363 548 1429; x_wconf 84' lang='lat' dir='ltr'>vestri</span> <span class='ocrx_word' id='word_1_74' title='bbox 563 1363 773 1443; x_wconf 82' lang='lat' dir='ltr'>discutiantur,</span> <span class='ocrx_word' id='word_1_75' title='bbox 796 1361 900 1429; x_wconf 83' lang='lat' dir='ltr'>foedus</span> <span class='ocrx_word' id='word_1_76' title='bbox 924 1363 1003 1430; x_wconf 91' lang='lat' dir='ltr'>illud</span> <span class='ocrx_word' id='word_1_77' title='bbox 1025 1365 1056 1430; x_wconf 86' lang='lat' dir='ltr'>et</span> <span class='ocrx_word' id='word_1_78' title='bbox 1071 1364 1183 1432; x_wconf 87' lang='lat' dir='ltr'>similis</span> <span class='ocrx_word' id='word_1_79' title='bbox 1198 1363 1417 1447; x_wconf 87' lang='lat' dir='ltr'>Ratisponensi</span> 
     </span>
     <span class='ocr_line' id='line_1_10' title="bbox 161 1478 1413 1564; baseline -0.001 -18"><span class='ocrx_word' id='word_1_80' title='bbox 161 1479 319 1546; x_wconf 86' lang='lat' dir='ltr'>concordia</span> <span class='ocrx_word' id='word_1_81' title='bbox 340 1479 509 1564; x_wconf 88' lang='lat' dir='ltr'>plurimum</span> <span class='ocrx_word' id='word_1_82' title='bbox 531 1479 664 1562; x_wconf 84' lang='lat' dir='ltr'>profecto</span> <span class='ocrx_word' id='word_1_83' title='bbox 687 1479 735 1544; x_wconf 88' lang='lat' dir='ltr'>eat</span> <span class='ocrx_word' id='word_1_84' title='bbox 756 1478 922 1562; x_wconf 76' lang='lat' dir='ltr'>profutura</span> <span class='ocrx_word' id='word_1_85' title='bbox 945 1498 1037 1564; x_wconf 89' lang='lat' dir='ltr'>quam</span> <span class='ocrx_word' id='word_1_86' title='bbox 1059 1480 1255 1556; x_wconf 81' lang='lat' dir='ltr'>attractare,</span> <span class='ocrx_word' id='word_1_87' title='bbox 1279 1478 1413 1556; x_wconf 86' lang='lat' dir='ltr'>suadere,</span> 
     </span>
     <span class='ocr_line' id='line_1_11' title="bbox 161 1593 1413 1680; baseline 0 -19"><span class='ocrx_word' id='word_1_88' title='bbox 161 1613 393 1680; x_wconf 72' lang='lat' dir='ltr'>promovensque</span> <span class='ocrx_word' id='word_1_89' title='bbox 415 1593 575 1674; x_wconf 80' lang='lat' dir='ltr'>studeatis,</span> <span class='ocrx_word' id='word_1_90' title='bbox 598 1613 782 1679; x_wconf 89' lang='lat' dir='ltr'>magnopere</span> <span class='ocrx_word' id='word_1_91' title='bbox 811 1595 987 1661; x_wconf 86' lang='lat' dir='ltr'>nobilitates</span> <span class='ocrx_word' id='word_1_92' title='bbox 1017 1595 1134 1662; x_wconf 67' lang='lat' dir='ltr'>vestrm</span> <span class='ocrx_word' id='word_1_93' title='bbox 1156 1595 1190 1660; x_wconf 93' lang='lat' dir='ltr'>in</span> <span class='ocrx_word' id='word_1_94' title='bbox 1212 1593 1334 1661; x_wconf 90' lang='lat' dir='ltr'>dominc</span> <span class='ocrx_word' id='word_1_95' title='bbox 1357 1595 1413 1661; x_wconf 91' lang='lat' dir='ltr'>ob·</span> 
     </span>
     <span class='ocr_line' id='line_1_12' title="bbox 162 1695 1413 1795; baseline -0.002 -17"><span class='ocrx_word' id='word_1_96' title='bbox 162 1713 320 1790; x_wconf 83' lang='lat' dir='ltr'>testamur,</span> <span class='ocrx_word' id='word_1_97' title='bbox 350 1730 404 1794; x_wconf 91' lang='lat' dir='ltr'>pro</span> <span class='ocrx_word' id='word_1_98' title='bbox 432 1713 537 1776; x_wconf 86' lang='lat' dir='ltr'>nostra</span> <span class='ocrx_word' id='word_1_99' title='bbox 560 1710 655 1776; x_wconf 87' lang='lat' dir='ltr'>etiam</span> <span class='ocrx_word' id='word_1_100' title='bbox 676 1695 762 1795; x_wconf 87' lang='lat' dir='ltr'>parte</span> <span class='ocrx_word' id='word_1_101' title='bbox 784 1709 997 1794; x_wconf 85' lang='lat' dir='ltr'>promittentes</span> <span class='ocrx_word' id='word_1_102' title='bbox 1026 1730 1082 1777; x_wconf 91' lang='lat' dir='ltr'>nos</span> <span class='ocrx_word' id='word_1_103' title='bbox 1103 1710 1261 1777; x_wconf 69' lang='lat' dir='ltr'>scincum</span> <span class='ocrx_word' id='word_1_104' title='bbox 1291 1712 1322 1776; x_wconf 82' lang='lat' dir='ltr'>et</span> <span class='ocrx_word' id='word_1_105' title='bbox 1344 1729 1413 1776; x_wconf 91' lang='lat' dir='ltr'>cum</span> 
     </span>
     <span class='ocr_line' id='line_1_13' title="bbox 160 1809 1413 1911; baseline 0 -19"><span class='ocrx_word' id='word_1_106' title='bbox 160 1827 240 1906; x_wconf 82' lang='lat' dir='ltr'>aliis,</span> <span class='ocrx_word' id='word_1_107' title='bbox 263 1827 316 1911; x_wconf 88' lang='lat' dir='ltr'>qui</span> <span class='ocrx_word' id='word_1_108' title='bbox 344 1826 421 1892; x_wconf 88' lang='lat' dir='ltr'>bene</span> <span class='ocrx_word' id='word_1_109' title='bbox 450 1826 608 1892; x_wconf 88' lang='lat' dir='ltr'>sentiendo</span> <span class='ocrx_word' id='word_1_110' title='bbox 637 1809 840 1906; x_wconf 75' lang='lat' dir='ltr'>convenerint</span> <span class='ocrx_word' id='word_1_111' title='bbox 870 1827 1007 1906; x_wconf 89' lang='lat' dir='ltr'>consilia,</span> <span class='ocrx_word' id='word_1_112' title='bbox 1037 1827 1068 1892; x_wconf 91' lang='lat' dir='ltr'>et</span> <span class='ocrx_word' id='word_1_113' title='bbox 1097 1827 1210 1893; x_wconf 82' lang='lat' dir='ltr'>auxilie</span> <span class='ocrx_word' id='word_1_114' title='bbox 1232 1828 1337 1893; x_wconf 86' lang='lat' dir='ltr'>nostra</span> <span class='ocrx_word' id='word_1_115' title='bbox 1359 1845 1413 1911; x_wconf 92' lang='lat' dir='ltr'>pro</span> 
     </span>
     <span class='ocr_line' id='line_1_14' title="bbox 161 1927 1413 2026; baseline -0.001 -18"><span class='ocrx_word' id='word_1_116' title='bbox 161 1940 344 2008; x_wconf 81' lang='lat' dir='ltr'>Germaniae</span> <span class='ocrx_word' id='word_1_117' title='bbox 376 1942 475 2007; x_wconf 87' lang='lat' dir='ltr'>salute</span> <span class='ocrx_word' id='word_1_118' title='bbox 506 1943 667 2026; x_wconf 67' lang='lat' dir='ltr'>vescaque</span> <span class='ocrx_word' id='word_1_119' title='bbox 698 1941 849 2026; x_wconf 85' lang='lat' dir='ltr'>dignitate</span> <span class='ocrx_word' id='word_1_120' title='bbox 886 1942 1176 2020; x_wconf 62' lang='lat' dir='ltr'>communicatorem</span> <span class='ocrx_word' id='word_1_121' title='bbox 1209 1927 1292 2008; x_wconf 87' lang='lat' dir='ltr'>sicut</span> <span class='ocrx_word' id='word_1_122' title='bbox 1318 1943 1413 2009; x_wconf 87' lang='lat' dir='ltr'>latius</span> 
     </span>
     <span class='ocr_line' id='line_1_15' title="bbox 161 2056 1413 2143; baseline 0.001 -21"><span class='ocrx_word' id='word_1_123' title='bbox 161 2058 318 2124; x_wconf 87' lang='lat' dir='ltr'>vobiscum</span> <span class='ocrx_word' id='word_1_124' title='bbox 341 2057 471 2124; x_wconf 89' lang='lat' dir='ltr'>dilectus</span> <span class='ocrx_word' id='word_1_125' title='bbox 492 2057 576 2123; x_wconf 86' lang='lat' dir='ltr'>filius</span> <span class='ocrx_word' id='word_1_126' title='bbox 599 2057 688 2124; x_wconf 80' lang='lat' dir='ltr'>Laus.</span> <span class='ocrx_word' id='word_1_127' title='bbox 704 2056 887 2143; x_wconf 79' lang='lat' dir='ltr'>Campegius</span> <span class='ocrx_word' id='word_1_128' title='bbox 906 2058 1069 2124; x_wconf 83' lang='lat' dir='ltr'>cardinalis</span> <span class='ocrx_word' id='word_1_129' title='bbox 1084 2059 1139 2124; x_wconf 88' lang='lat' dir='ltr'>ete.</span> <span class='ocrx_word' id='word_1_130' title='bbox 1163 2059 1268 2125; x_wconf 87' lang='lat' dir='ltr'>nostro</span> <span class='ocrx_word' id='word_1_131' title='bbox 1290 2057 1413 2124; x_wconf 88' lang='lat' dir='ltr'>nomine</span> 
     </span>
     <span class='ocr_line' id='line_1_16' title="bbox 162 2173 1412 2258; baseline 0.001 -20"><span class='ocrx_word' id='word_1_132' title='bbox 162 2192 272 2253; x_wconf 78' lang='lat' dir='ltr'>coram,</span> <span class='ocrx_word' id='word_1_133' title='bbox 302 2175 355 2239; x_wconf 91' lang='lat' dir='ltr'>aut</span> <span class='ocrx_word' id='word_1_134' title='bbox 384 2193 438 2258; x_wconf 92' lang='lat' dir='ltr'>per</span> <span class='ocrx_word' id='word_1_135' title='bbox 465 2174 586 2239; x_wconf 85' lang='lat' dir='ltr'>litteras</span> <span class='ocrx_word' id='word_1_136' title='bbox 618 2174 704 2258; x_wconf 87' lang='lat' dir='ltr'>aget,</span> <span class='ocrx_word' id='word_1_137' title='bbox 734 2173 784 2240; x_wconf 92' lang='lat' dir='ltr'>cui</span> <span class='ocrx_word' id='word_1_138' title='bbox 811 2192 934 2240; x_wconf 91' lang='lat' dir='ltr'>omnem</span> <span class='ocrx_word' id='word_1_139' title='bbox 962 2173 1054 2240; x_wconf 88' lang='lat' dir='ltr'>fidem</span> <span class='ocrx_word' id='word_1_140' title='bbox 1085 2174 1263 2241; x_wconf 80' lang='lat' dir='ltr'>nobilitates</span> <span class='ocrx_word' id='word_1_141' title='bbox 1293 2176 1412 2240; x_wconf 82' lang='lat' dir='ltr'>vestrae</span> 
     </span>
     <span class='ocr_line' id='line_1_17' title="bbox 159 2288 1407 2356; baseline 0.002 -2"><span class='ocrx_word' id='word_1_142' title='bbox 159 2288 355 2354; x_wconf 83' lang='lat' dir='ltr'>adhibebunt.</span> <span class='ocrx_word' id='word_1_143' title='bbox 406 2288 523 2354; x_wconf 63' lang='lat' dir='ltr'>mium</span> <span class='ocrx_word' id='word_1_144' title='bbox 552 2289 668 2356; x_wconf 68' lang='lat' dir='ltr'>Roma</span> <span class='ocrx_word' id='word_1_145' title='bbox 697 2289 752 2355; x_wconf 88' lang='lat' dir='ltr'>etc.</span> <span class='ocrx_word' id='word_1_146' title='bbox 790 2288 919 2354; x_wconf 82' lang='lat' dir='ltr'>diarii</span> <span class='ocrx_word' id='word_1_147' title='bbox 950 2289 1108 2356; x_wconf 76' lang='lat' dir='ltr'>Februarii</span> <span class='ocrx_word' id='word_1_148' title='bbox 1137 2289 1256 2356; x_wconf 81' lang='lat' dir='ltr'>mdirv.</span> <span class='ocrx_word' id='word_1_149' title='bbox 1316 2289 1407 2356; x_wconf 80' lang='lat' dir='ltr'>Anno</span> 
     </span>
     <span class='ocr_line' id='line_1_18' title="bbox 159 2402 297 2470; baseline 0.014 -2"><span class='ocrx_word' id='word_1_150' title='bbox 159 2402 297 2470; x_wconf 88' lang='lat' dir='ltr'>secundo.</span> 
     </span>
    </p>
   </div>
   <div class='ocr_carea' id='block_1_5' title="bbox 247 2544 1294 2633">
    <p class='ocr_par' dir='ltr' id='par_1_5' title="bbox 247 2544 1294 2633">
     <span class='ocr_line' id='line_1_19' title="bbox 247 2544 1294 2633; baseline 0.002 -21"><span class='ocrx_word' id='word_1_151' title='bbox 247 2545 369 2612; x_wconf 84' lang='lat' dir='ltr'>Similia</span> <span class='ocrx_word' id='word_1_152' title='bbox 390 2544 494 2612; x_wconf 83' lang='lat' dir='ltr'>brevia</span> <span class='ocrx_word' id='word_1_153' title='bbox 517 2545 615 2612; x_wconf 83' lang='lat' dir='ltr'>multa</span> <span class='ocrx_word' id='word_1_154' title='bbox 637 2545 720 2625; x_wconf 71' lang='lat' dir='ltr'>fient</span> <span class='ocrx_word' id='word_1_155' title='bbox 742 2547 871 2613; x_wconf 87' lang='lat' dir='ltr'>mutatis</span> <span class='ocrx_word' id='word_1_156' title='bbox 893 2547 998 2631; x_wconf 77' lang='lat' dir='ltr'>panda</span> <span class='ocrx_word' id='word_1_157' title='bbox 1021 2547 1212 2633; x_wconf 87' lang='lat' dir='ltr'>quibusdam.</span> <span class='ocrx_word' id='word_1_158' title='bbox 1292 2555 1294 2560; x_wconf 81' lang='grc'>’</span> 
     </span>
    </p>
   </div>
   <div class='ocr_carea' id='block_1_6' title="bbox 762 2797 814 2866">
    <p class='ocr_par' dir='ltr' id='par_1_6' title="bbox 762 2797 814 2866">
     <span class='ocr_line' id='line_1_20' title="bbox 762 2797 814 2866; baseline -0.019 -1"><span class='ocrx_word' id='word_1_159' title='bbox 762 2797 814 2866; x_wconf 82' lang='lat'>53.</span> 
     </span>
    </p>
   </div>
   <div class='ocr_carea' id='block_1_7' title="bbox 648 2963 903 3082">
    <p class='ocr_par' dir='ltr' id='par_1_7' title="bbox 648 2963 903 3082">
     <span class='ocr_line' id='line_1_21' title="bbox 648 2963 903 3082; baseline 0.004 -60"><span class='ocrx_word' id='word_1_160' title='bbox 648 2993 650 2998; x_wconf 95' lang='lat'>·</span> <span class='ocrx_word' id='word_1_161' title='bbox 666 2963 903 3082; x_wconf 48' lang='lat' dir='ltr'>Grysogribus.</span> 
     </span>
    </p>
   </div>
   <div class='ocr_carea' id='block_1_8' title="bbox 152 3112 1410 4132">
    <p class='ocr_par' dir='ltr' id='par_1_8' title="bbox 152 3112 1410 4132">
     <span class='ocr_line' id='line_1_22' title="bbox 246 3112 1408 3206; baseline 0.006 -24"><span class='ocrx_word' id='word_1_162' title='bbox 246 3115 359 3183; x_wconf 85' lang='lat' dir='ltr'>Dileoti</span> <span class='ocrx_word' id='word_1_163' title='bbox 379 3115 445 3182; x_wconf 84' lang='lat' dir='ltr'>filii.</span> <span class='ocrx_word' id='word_1_164' title='bbox 487 3116 597 3183; x_wconf 82' lang='lat' dir='ltr'>Vester</span> <span class='ocrx_word' id='word_1_165' title='bbox 619 3117 739 3184; x_wconf 87' lang='lat' dir='ltr'>animus</span> <span class='ocrx_word' id='word_1_166' title='bbox 756 3119 899 3184; x_wconf 77' lang='lat' dir='ltr'>mustene</span> <span class='ocrx_word' id='word_1_167' title='bbox 914 3121 946 3185; x_wconf 86' lang='lat' dir='ltr'>et</span> <span class='ocrx_word' id='word_1_168' title='bbox 959 3135 1109 3204; x_wconf 86' lang='lat' dir='ltr'>propensa</span> <span class='ocrx_word' id='word_1_169' title='bbox 1123 3112 1242 3206; x_wconf 90' lang='lat' dir='ltr'>semper</span> <span class='ocrx_word' id='word_1_170' title='bbox 1257 3119 1290 3188; x_wconf 90' lang='lat' dir='ltr'>in</span> <span class='ocrx_word' id='word_1_171' title='bbox 1305 3117 1334 3188; x_wconf 80' lang='lat' dir='ltr'>S.</span> <span class='ocrx_word' id='word_1_172' title='bbox 1352 3119 1408 3190; x_wconf 81' lang='lat' dir='ltr'>Se·</span> 
     </span>
     <span class='ocr_line' id='line_1_23' title="bbox 157 3230 1410 3318; baseline 0.006 -22"><span class='ocrx_word' id='word_1_173' title='bbox 157 3230 226 3297; x_wconf 89' lang='lat' dir='ltr'>dem</span> <span class='ocrx_word' id='word_1_174' title='bbox 241 3231 442 3316; x_wconf 84' lang='lat' dir='ltr'>apostolicam</span> <span class='ocrx_word' id='word_1_175' title='bbox 459 3232 599 3299; x_wconf 84' lang='lat' dir='ltr'>voluntas</span> <span class='ocrx_word' id='word_1_176' title='bbox 615 3252 683 3299; x_wconf 91' lang='lat' dir='ltr'>eam</span> <span class='ocrx_word' id='word_1_177' title='bbox 699 3252 791 3318; x_wconf 89' lang='lat' dir='ltr'>quam</span> <span class='ocrx_word' id='word_1_178' title='bbox 808 3233 861 3299; x_wconf 89' lang='lat' dir='ltr'>diu</span> <span class='ocrx_word' id='word_1_179' title='bbox 876 3235 966 3300; x_wconf 75' lang='lat' dir='ltr'>cutm</span> <span class='ocrx_word' id='word_1_180' title='bbox 980 3236 1066 3302; x_wconf 85' lang='lat' dir='ltr'>vobis</span> <span class='ocrx_word' id='word_1_181' title='bbox 1089 3235 1299 3304; x_wconf 85' lang='lat' dir='ltr'>tribuebamus</span> <span class='ocrx_word' id='word_1_182' title='bbox 1315 3237 1410 3304; x_wconf 87' lang='lat' dir='ltr'>etiam</span> 
     </span>
     <span class='ocr_line' id='line_1_24' title="bbox 155 3347 1409 3432; baseline 0.006 -21"><span class='ocrx_word' id='word_1_183' title='bbox 155 3350 317 3431; x_wconf 85' lang='lat' dir='ltr'>postquam</span> <span class='ocrx_word' id='word_1_184' title='bbox 339 3347 379 3412; x_wconf 87' lang='lat' dir='ltr'>ad</span> <span class='ocrx_word' id='word_1_185' title='bbox 400 3347 612 3432; x_wconf 88' lang='lat' dir='ltr'>pontificatum</span> <span class='ocrx_word' id='word_1_186' title='bbox 634 3350 699 3415; x_wconf 89' lang='lat' dir='ltr'>Deo</span> <span class='ocrx_word' id='word_1_187' title='bbox 730 3351 855 3416; x_wconf 85' lang='lat' dir='ltr'>vocante</span> <span class='ocrx_word' id='word_1_188' title='bbox 877 3350 1015 3417; x_wconf 89' lang='lat' dir='ltr'>venimus</span> <span class='ocrx_word' id='word_1_189' title='bbox 1043 3353 1128 3418; x_wconf 85' lang='lat' dir='ltr'>auxit</span> <span class='ocrx_word' id='word_1_190' title='bbox 1149 3352 1409 3420; x_wconf 83' lang='lat' dir='ltr'>benevolentium:</span> 
     </span>
     <span class='ocr_line' id='line_1_25' title="bbox 155 3461 1409 3554; baseline 0.007 -27"><span class='ocrx_word' id='word_1_191' title='bbox 155 3481 229 3528; x_wconf 86' lang='lat' dir='ltr'>num</span> <span class='ocrx_word' id='word_1_192' title='bbox 251 3463 283 3528; x_wconf 91' lang='lat' dir='ltr'>et</span> <span class='ocrx_word' id='word_1_193' title='bbox 304 3461 437 3528; x_wconf 90' lang='lat' dir='ltr'>multum</span> <span class='ocrx_word' id='word_1_194' title='bbox 460 3463 493 3529; x_wconf 93' lang='lat' dir='ltr'>in</span> <span class='ocrx_word' id='word_1_195' title='bbox 516 3464 617 3530; x_wconf 84' lang='lat' dir='ltr'>vostra</span> <span class='ocrx_word' id='word_1_196' title='bbox 639 3465 752 3531; x_wconf 63' lang='lat' dir='ltr'>virtum</span> <span class='ocrx_word' id='word_1_197' title='bbox 776 3466 840 3550; x_wconf 92' lang='lat' dir='ltr'>spei</span> <span class='ocrx_word' id='word_1_198' title='bbox 856 3483 891 3531; x_wconf 85' lang='lat' dir='ltr'>ec</span> <span class='ocrx_word' id='word_1_199' title='bbox 909 3465 1040 3534; x_wconf 89' lang='lat' dir='ltr'>subsidii</span> <span class='ocrx_word' id='word_1_200' title='bbox 1061 3469 1111 3534; x_wconf 90' lang='lat' dir='ltr'>his</span> <span class='ocrx_word' id='word_1_201' title='bbox 1127 3469 1304 3554; x_wconf 88' lang='lat' dir='ltr'>periculosis</span> <span class='ocrx_word' id='word_1_202' title='bbox 1327 3471 1409 3536; x_wconf 72' lang='lat' dir='ltr'>tem</span> 
     </span>
     <span class='ocr_line' id='line_1_26' title="bbox 155 3575 1410 3666; baseline 0.008 -24"><span class='ocrx_word' id='word_1_203' title='bbox 155 3577 280 3661; x_wconf 90' lang='lat' dir='ltr'>poribus</span> <span class='ocrx_word' id='word_1_204' title='bbox 303 3575 375 3644; x_wconf 83' lang='lat' dir='ltr'>Sedi</span> <span class='ocrx_word' id='word_1_205' title='bbox 394 3579 577 3663; x_wconf 85' lang='lat' dir='ltr'>apostolieae</span> <span class='ocrx_word' id='word_1_206' title='bbox 599 3581 740 3664; x_wconf 89' lang='lat' dir='ltr'>ponimus</span> <span class='ocrx_word' id='word_1_207' title='bbox 764 3581 808 3666; x_wconf 86' lang='lat' dir='ltr'>(et</span> <span class='ocrx_word' id='word_1_208' title='bbox 830 3581 944 3648; x_wconf 88' lang='lat' dir='ltr'>scimus</span> <span class='ocrx_word' id='word_1_209' title='bbox 966 3600 1019 3648; x_wconf 91' lang='lat' dir='ltr'>vos</span> <span class='ocrx_word' id='word_1_210' title='bbox 1042 3584 1075 3649; x_wconf 94' lang='lat' dir='ltr'>in</span> <span class='ocrx_word' id='word_1_211' title='bbox 1097 3584 1176 3650; x_wconf 89' lang='lat' dir='ltr'>hauc</span> <span class='ocrx_word' id='word_1_212' title='bbox 1198 3583 1278 3651; x_wconf 67' lang='lat' dir='ltr'>sam</span> <span class='ocrx_word' id='word_1_213' title='bbox 1302 3585 1410 3652; x_wconf 85' lang='lat' dir='ltr'>Sedem</span> 
     </span>
     <span class='ocr_line' id='line_1_27' title="bbox 155 3687 1409 3784; baseline 0.009 -27"><span class='ocrx_word' id='word_1_214' title='bbox 155 3692 246 3777; x_wconf 79' lang='lat' dir='ltr'>atque</span> <span class='ocrx_word' id='word_1_215' title='bbox 274 3711 330 3759; x_wconf 89' lang='lat' dir='ltr'>nos</span> <span class='ocrx_word' id='word_1_216' title='bbox 354 3711 455 3760; x_wconf 87' lang='lat' dir='ltr'>amore</span> <span class='ocrx_word' id='word_1_217' title='bbox 477 3696 510 3760; x_wconf 85' lang='lat' dir='ltr'>et</span> <span class='ocrx_word' id='word_1_218' title='bbox 531 3696 725 3762; x_wconf 85' lang='lat' dir='ltr'>observantia</span> <span class='ocrx_word' id='word_1_219' title='bbox 747 3715 814 3762; x_wconf 91' lang='lat' dir='ltr'>esse</span> <span class='ocrx_word' id='word_1_220' title='bbox 837 3697 1047 3784; x_wconf 78' lang='lat' dir='ltr'>propensos)²)</span> <span class='ocrx_word' id='word_1_221' title='bbox 1072 3700 1104 3764; x_wconf 91' lang='lat' dir='ltr'>et</span> <span class='ocrx_word' id='word_1_222' title='bbox 1126 3700 1239 3766; x_wconf 88' lang='lat' dir='ltr'>scimus</span> <span class='ocrx_word' id='word_1_223' title='bbox 1260 3687 1316 3767; x_wconf 62' lang='lat' dir='ltr'>&#39;vos</span> <span class='ocrx_word' id='word_1_224' title='bbox 1339 3720 1409 3767; x_wconf 91' lang='lat' dir='ltr'>oum</span> 
     </span>
     <span class='ocr_line' id='line_1_28' title="bbox 153 3808 1410 3902; baseline 0.008 -29"><span class='ocrx_word' id='word_1_225' title='bbox 153 3809 289 3891; x_wconf 87' lang='lat' dir='ltr'>preclaro</span> <span class='ocrx_word' id='word_1_226' title='bbox 310 3808 366 3874; x_wconf 89' lang='lat' dir='ltr'>illo</span> <span class='ocrx_word' id='word_1_227' title='bbox 388 3809 479 3875; x_wconf 86' lang='lat' dir='ltr'>titulo</span> <span class='ocrx_word' id='word_1_228' title='bbox 508 3811 730 3878; x_wconf 85' lang='lat' dir='ltr'>ecclesiasticae</span> <span class='ocrx_word' id='word_1_229' title='bbox 759 3812 913 3879; x_wconf 77' lang='lat' dir='ltr'>libertatis</span> <span class='ocrx_word' id='word_1_230' title='bbox 943 3813 1137 3880; x_wconf 85' lang='lat' dir='ltr'>defensorum</span> <span class='ocrx_word' id='word_1_231' title='bbox 1158 3835 1248 3900; x_wconf 88' lang='lat' dir='ltr'>opera</span> <span class='ocrx_word' id='word_1_232' title='bbox 1270 3818 1356 3902; x_wconf 88' lang='lat' dir='ltr'>paria</span> <span class='ocrx_word' id='word_1_233' title='bbox 1378 3819 1410 3883; x_wconf 88' lang='lat' dir='ltr'>ct</span> 
     </span>
     <span class='ocr_line' id='line_1_29' title="bbox 153 3922 1408 4016; baseline 0.009 -28"><span class='ocrx_word' id='word_1_234' title='bbox 153 3922 236 3989; x_wconf 86' lang='lat' dir='ltr'>facta</span> <span class='ocrx_word' id='word_1_235' title='bbox 257 3923 452 3990; x_wconf 87' lang='lat' dir='ltr'>exhibituros.</span> <span class='ocrx_word' id='word_1_236' title='bbox 498 3925 607 3993; x_wconf 86' lang='lat' dir='ltr'>Multis</span> <span class='ocrx_word' id='word_1_237' title='bbox 629 3927 726 4012; x_wconf 89' lang='lat' dir='ltr'>igitur</span> <span class='ocrx_word' id='word_1_238' title='bbox 753 3948 808 3994; x_wconf 90' lang='lat' dir='ltr'>nos</span> <span class='ocrx_word' id='word_1_239' title='bbox 831 3927 992 3995; x_wconf 88' lang='lat' dir='ltr'>decausis</span> <span class='ocrx_word' id='word_1_240' title='bbox 1015 3949 1091 4014; x_wconf 89' lang='lat' dir='ltr'>quae</span> <span class='ocrx_word' id='word_1_241' title='bbox 1113 3932 1271 4016; x_wconf 85' lang='lat' dir='ltr'>praecipue</span> <span class='ocrx_word' id='word_1_242' title='bbox 1294 3933 1333 3998; x_wconf 87' lang='lat' dir='ltr'>ad</span> <span class='ocrx_word' id='word_1_243' title='bbox 1356 3953 1408 4000; x_wconf 91' lang='lat' dir='ltr'>sa·</span> 
     </span>
     <span class='ocr_line' id='line_1_30' title="bbox 152 4037 1409 4132; baseline 0.01 -28"><span class='ocrx_word' id='word_1_244' title='bbox 152 4037 251 4104; x_wconf 79' lang='lat' dir='ltr'>lutens</span> <span class='ocrx_word' id='word_1_245' title='bbox 274 4039 408 4106; x_wconf 89' lang='lat' dir='ltr'>nominis</span> <span class='ocrx_word' id='word_1_246' title='bbox 424 4041 575 4122; x_wconf 87' lang='lat' dir='ltr'>Helvetici</span> <span class='ocrx_word' id='word_1_247' title='bbox 597 4043 629 4108; x_wconf 90' lang='lat' dir='ltr'>et</span> <span class='ocrx_word' id='word_1_248' title='bbox 651 4061 844 4113; x_wconf 88' lang='lat' dir='ltr'>communem</span> <span class='ocrx_word' id='word_1_249' title='bbox 861 4044 942 4110; x_wconf 88' lang='lat' dir='ltr'>inter</span> <span class='ocrx_word' id='word_1_250' title='bbox 964 4063 1014 4111; x_wconf 90' lang='lat' dir='ltr'>eos</span> <span class='ocrx_word' id='word_1_251' title='bbox 1031 4046 1222 4113; x_wconf 88' lang='lat' dir='ltr'>concordiam</span> <span class='ocrx_word' id='word_1_252' title='bbox 1244 4067 1409 4132; x_wconf 89' lang='lat' dir='ltr'>procuran-</span> 
     </span>
    </p>
   </div>
   <div class='ocr_carea' id='block_1_9' title="bbox 148 4305 1411 4576">
    <p class='ocr_par' dir='ltr' id='par_1_9' title="bbox 148 4305 1411 4576">
     <span class='ocr_line' id='line_1_31' title="bbox 247 4305 1411 4380; baseline 0.009 -21"><span class='ocrx_word' id='word_1_253' title='bbox 247 4305 265 4370; x_wconf 69' lang='grc' dir='ltr'>Ι)</span> <span class='ocrx_word' id='word_1_254' title='bbox 283 4308 347 4360; x_wconf 74' lang='lat' dir='ltr'>llaec</span> <span class='ocrx_word' id='word_1_255' title='bbox 365 4313 435 4360; x_wconf 85' lang='lat' dir='ltr'>rerba</span> <span class='ocrx_word' id='word_1_256' title='bbox 453 4310 534 4360; x_wconf 83' lang='lat' dir='ltr'>addita</span> <span class='ocrx_word' id='word_1_257' title='bbox 552 4317 609 4362; x_wconf 83' lang='lat' dir='ltr'>sunt</span> <span class='ocrx_word' id='word_1_258' title='bbox 631 4316 726 4362; x_wconf 68' lang='lat' dir='ltr'>mutum</span> <span class='ocrx_word' id='word_1_259' title='bbox 750 4317 775 4362; x_wconf 89' lang='lat' dir='ltr'>r&#39;n</span> <span class='ocrx_word' id='word_1_260' title='bbox 798 4315 886 4364; x_wconf 83' lang='lat' dir='ltr'>litteris</span> <span class='ocrx_word' id='word_1_261' title='bbox 905 4317 983 4364; x_wconf 80' lang='lat' dir='ltr'>missis</span> <span class='ocrx_word' id='word_1_262' title='bbox 1006 4321 1106 4376; x_wconf 83' lang='lat' dir='ltr'>quatuor</span> <span class='ocrx_word' id='word_1_263' title='bbox 1129 4317 1177 4367; x_wconf 82' lang='lat' dir='ltr'>illis</span> <span class='ocrx_word' id='word_1_264' title='bbox 1195 4321 1235 4378; x_wconf 84' lang='lat' dir='ltr'>qui</span> <span class='ocrx_word' id='word_1_265' title='bbox 1253 4320 1411 4380; x_wconf 82' lang='lat' dir='ltr'>promiserunt</span> 
     </span>
     <span class='ocr_line' id='line_1_32' title="bbox 151 4408 275 4456; baseline 0 0"><span class='ocrx_word' id='word_1_266' title='bbox 151 4408 275 4456; x_wconf 77' lang='lat' dir='ltr'>auxilium.</span> 
     </span>
     <span class='ocr_line' id='line_1_33' title="bbox 148 4499 1088 4576; baseline 0.013 -26"><span class='ocrx_word' id='word_1_267' title='bbox 148 4521 151 4527; x_wconf 64' lang='lat'>¹</span> <span class='ocrx_word' id='word_1_268' title='bbox 244 4499 266 4576; x_wconf 82' lang='lat'>¹)</span> <span class='ocrx_word' id='word_1_269' title='bbox 286 4506 360 4556; x_wconf 81' lang='lat' dir='ltr'>Verba</span> <span class='ocrx_word' id='word_1_270' title='bbox 378 4507 444 4556; x_wconf 74' lang='lat' dir='ltr'>unda</span> <span class='ocrx_word' id='word_1_271' title='bbox 462 4507 553 4556; x_wconf 80' lang='lat' dir='ltr'>inclusa</span> <span class='ocrx_word' id='word_1_272' title='bbox 570 4507 653 4557; x_wconf 83' lang='lat' dir='ltr'>addita</span> <span class='ocrx_word' id='word_1_273' title='bbox 671 4511 728 4558; x_wconf 83' lang='lat' dir='ltr'>aunt</span> <span class='ocrx_word' id='word_1_274' title='bbox 745 4523 787 4574; x_wconf 88' lang='lat' dir='ltr'>pro</span> <span class='ocrx_word' id='word_1_275' title='bbox 805 4509 938 4561; x_wconf 82' lang='lat' dir='ltr'>horninibus</span> <span class='ocrx_word' id='word_1_276' title='bbox 957 4512 998 4561; x_wconf 75' lang='lat' dir='ltr'>S.⁸¹</span> <span class='ocrx_word' id='word_1_277' title='bbox 1020 4512 1088 4564; x_wconf 75' lang='lat' dir='ltr'>solli.</span> 
     </span>
    </p>
   </div>
   <div class='ocr_carea' id='block_1_10' title="bbox 0 0 1704 5088">
    <p class='ocr_par' dir='ltr' id='par_1_10' title="bbox 0 0 1704 5088">
     <span class='ocr_line' id='line_1_34' title="bbox 0 0 1704 5088; baseline 0 3"><span class='ocrx_word' id='word_1_278' title='bbox 0 0 1704 5088; x_wconf 95' lang='lat' dir='ltr'> </span> 
     </span>
    </p>
   </div>
  </div>
 </body>
</html>
