3366 5084
694 361 916 428 ..71-

180 539 251 629 aliisw
271 562 366 628 latim
388 563 490 627 tecum
512 560 565 625 dil.
588 558 671 624 tilius
694 549 860 622 Baldassar
883 550 1085 619 Curtilioneus
1108 525 1363 617 nunciusnoster
1377 551 1431 614 ant

180 698 214 745 eo
236 679 363 744 absente
383 675 431 742 Jc.
447 671 570 742 'Coretus
593 676 692 740 orator
707 669 900 738 Florentinns
914 669 1019 735 nostro
1041 667 1163 734 nomine
1185 666 1264 750 aget
1296 661 1431 744 Quorum

180 793 319 860 alterutri
343 799 437 858 ser.tas
460 793 514 856 tua
536 790 628 856 fidem
650 783 784 923 habetati.
830 786 946 852 Datum
968 784 1083 850 Romae
1106 785 1161 849 etc.
1206 801 1271 848 m.
1290 781 1431 849 Jannarii

180 909 297 976 mdrrv.
343 908 432 974 Anno
456 906 595 973 secundo.
632 997 634 1001 Ι
753 1001 767 1038 μ

649 1113 651 1117 ’
776 1111 829 1202 so.

571 1305 613 1364 G.
636 1259 1043 1401 Episcopooxonlensl.

268 1460 459 1529 venemens
481 1460 582 1526 naar.
605 1481 606 1486 ¹
629 1457 663 1524 ss
685 1474 875 1540 nonmagna
895 1456 1001 1521 nosne
1022 1454 1055 1520 n
1069 1452 1261 1520 mamiato
1274 1451 1329 1518 aaa
1351 1450 1434 1518 esec

180 1580 264 1658 fides,
287 1581 318 1646 ot
341 1579 368 1644 si
390 1578 427 1644 de
449 1577 556 1643 terion
578 1577 651 1641 eam
669 1573 842 1658 opinionem
864 1571 1045 1638 haberemus
1068 1589 1160 1655 quam
1182 1568 1280 1636 virtue
1303 1569 1334 1634 et
1355 1585 1430 1652 pru·

181 1695 283 1762 (lentio
305 1695 359 1761 tna
381 1693 469 1761 nobis
485 1694 561 1759 bene
583 1692 656 1757 nota
678 1689 821 1774 postrlat
843 1706 905 1754 non
923 1687 1042 1754 tantam
1064 1705 1169 1753 curam
1190 1703 1373 1770 gereremus,
1395 1685 1431 1751 ut

180 1829 255 1896 quae
284 1809 415 1894 agimus,
445 1809 509 1874 sire
531 1826 567 1873 ea
595 1826 630 1874 er
653 1806 734 1872 insto
757 1806 789 1870 et
809 1802 929 1888 proprio
957 1802 1069 1870 iudicio
1099 1801 1163 1870 sive
1185 1820 1220 1867 er
1251 1796 1431 1866 necessitate

179 1927 335 2003 faciamus,
357 1924 542 1990 fraternitati
557 1924 627 1988 tuae
643 1916 745 1988 essent
767 1918 891 2005 cognita
912 1921 944 1986 et
957 1918 1093 2004 probata.
1123 1917 1231 2002 Itaque
1246 1912 1317 1982 cum
1339 1935 1430 2000 supe-

178 2041 309 2109 rioribus
332 2040 447 2118 diebus,
471 2039 497 2104 si
521 2039 603 2106 osset
624 2037 713 2104 nobis
736 2038 770 2103 in
793 2035 948 2103 communi
970 2035 1067 2119 patris
1090 2033 1228 2100 omnium
1249 2027 1379 2118 persona
1401 2032 1432 2099 et

178 2158 211 2223 in
233 2156 306 2223 boni
326 2155 479 2240 pontificis
503 2154 601 2220 officio
624 2151 851 2238 persistendum
874 2171 909 2218 ac
923 2169 985 2218 non
1008 2168 1094 2218 arma
1110 2147 1257 2216 sumenda
1272 2150 1304 2215 et
1325 2143 1431 2215 omnes

179 2275 278 2338 status
301 2270 331 2337 S.
354 2271 389 2337 R.
409 2271 443 2336 E.
465 2272 497 2337 et
519 2269 616 2336 nostri
637 2269 671 2334 in
693 2269 832 2353 apertum
854 2266 1021 2353 pericnlum
1037 2264 1177 2351 peneum
1199 2264 1369 2332 necessario
1391 2264 1431 2330 nd

180 2386 391 2455 conventiones
421 2405 492 2452 cum
515 2385 781 2452 christianissimo
794 2387 979 2451 Francorum
1008 2401 1079 2468 rege
1101 2381 1285 2449 veniendum
1307 2381 1431 2456 fuisset;
1492 2449 1495 2456 .

180 2522 307 2587 quarum
329 2503 395 2568 tota
410 2502 458 2566 ris
480 2521 515 2567 ac
531 2501 683 2567 sententia
705 2500 785 2566 nihil
799 2499 883 2566 alind
905 2499 965 2566 finit
986 2499 1049 2564 nisi
1063 2499 1099 2564 ut
1119 2497 1212 2564 fidem
1228 2496 1432 2582 acciperemus

178 2620 209 2683 et
231 2617 373 2682 daremus
395 2619 537 2683 neutrum
560 2619 700 2683 nostrum
715 2615 805 2702 alteri
825 2616 997 2682 nociturum
1006 2639 1016 2694 3·
1036 2593 1103 2681 esse
1125 2613 1268 2679 andimus
1291 2615 1322 2680 et
1344 2633 1429 2681 com-

179 2735 298 2817 pertum
321 2735 370 2798 eet
391 2733 479 2799 nobis
501 2733 601 2799 multa
624 2734 706 2800 diets
729 2734 761 2799 et
783 2733 896 2816 scripta
925 2731 964 2798 ad
993 2747 1112 2798 ser.mma
1136 2728 1296 2796 Caesarem
1326 2729 1430 2808 fnisse,

179 2855 232 2934 pe'r
253 2867 330 2933 quae
351 2850 491 2915 nostrum
512 2849 571 2914 hoc
592 2849 708 2914 factum
731 2851 762 2914 ot
783 2847 946 2914 consilinm
966 2848 1001 2914 in
1022 2846 1156 2931 peiorem
1184 2847 1304 2930 partem
1325 2844 1428 2912 detor-
1562 2899 1564 2904 .

179 2965 301 3050 qualum
324 2964 403 3047 quod
426 2964 548 3047 quidem
571 2983 589 3028 a
611 2964 699 3030 nobis
721 2965 753 3029 et
775 2965 879 3030 nostra
900 2963 935 3029 in
957 2983 1027 3029 eum
1049 2964 1081 3030 et
1102 2963 1168 3029 eins
1190 2981 1292 3028 rorum
1315 2962 1429 3046 ampli·

179 3080 316 3147 tudinem
339 3081 442 3146 mente
464 3080 586 3164 penitus
602 3080 736 3146 alianum
758 3080 820 3146 eet:
843 3077 923 3164 quod
945 3079 1024 3145 etin
1046 3078 1113 3163 ipso
1130 3078 1230 3163 primo
1252 3077 1439 3144 conventio·

178 3217 252 3263 num
269 3197 381 3262 harum
395 3195 514 3262 exordio
537 3197 617 3262 clarc
631 3196 738 3261 testati
754 3213 868 3274 sumus,
891 3214 946 3262 noa
961 3213 980 3260 a
995 3193 1133 3262 Caesaris
1156 3195 1186 3260 ot
1201 3189 1284 3279 regis
1298 3187 1430 3278 Angliae

179 3311 316 3378 amicitia
345 3330 380 3377 ac
409 3312 617 3378 benevolentia
646 3312 731 3378 nullo
760 3311 850 3378 modo
881 3309 1108 3396 discessuros.1)
1163 3308 1254 3376 Nunc
1285 3308 1429 3394 quoniam

179 3446 362 3512 magnopore
383 3429 557 3494 laboramus
580 3431 611 3494 et
633 3428 731 3495 animi
752 3429 847 3494 nostri
871 3427 1033 3512 integritas
1056 3426 1226 3493 cuiusmodi
1253 3426 1302 3491 ost
1323 3425 1369 3491 ita
1391 3419 1429 3490 ab

179 3543 320 3610 omnibus
344 3561 379 3608 ao
400 3543 580 3627 pracsertim
596 3545 634 3610 ab
656 3544 723 3627 ipso
747 3559 841 3611 ser.mo
866 3541 992 3610 Caesare
1008 3542 1182 3627 accipiatur,
1204 3535 1430 3608 fraternitatem

100 3705 105 3718 .
180 3661 265 3726 tuam
288 3659 446 3725 hortamur
474 3659 508 3725 in
530 3659 653 3726 domino
682 3661 713 3727 et
741 3679 796 3743 pro
824 3661 931 3726 nostra
958 3679 1030 3744 erga
1059 3677 1128 3726 eam
1157 3659 1284 3744 paterna
1312 3656 1373 3723 fida
1395 3653 1431 3722 aa

180 3775 387 3841 benevolentia
410 3775 591 3858 requirimus
613 3776 649 3839 ut
671 3775 833 3858 diligenter
861 3775 966 3841 nuncii
987 3775 1058 3841 istie
1079 3775 1186 3855 nostri,
1216 3775 1270 3840 unt
1289 3767 1429 3850 oratoris,

181 3889 282 3954 siille
312 3887 445 3955 nondum
470 3889 632 3968 advenerit
656 3890 908 3970 Florentinorum,
931 3910 1101 3958 sermonem
1117 3891 1243 3957 audiens
1265 3907 1431 3973 causaeque

181 4004 290 4087 quibus
314 4023 374 4070 non
396 4004 513 4071 inducti
536 4004 590 4071 sed
612 4007 708 4072 coacti
731 4025 837 4073 sumus
860 4007 1046 4093 intelligens,
1076 4027 1164 4074 suam
1185 4007 1274 4073 illam
1297 4007 1428 4074 dexteri·

255 4216 272 4276 ¹)
290 4221 320 4267 lit
338 4233 390 4270 sera
408 4222 494 4279 lenitur
512 4223 535 4269 11
554 4224 661 4271 tractatu
681 4224 725 4281 ‚ln
744 4225 827 4283 primis
838 4225 900 4282 quon
918 4223 1038 4274 Sanctitas
1050 4238 1094 4273 sna
1110 4227 1208 4285 proptor
1224 4225 1285 4274 hane
1303 4226 1430 4274 amicum
1565 4271 1567 4280 A

181 4331 227 4365 non
245 4318 359 4374 intelligit
376 4320 481 4368 recedere
499 4322 528 4367 ab
546 4334 624 4370 amore
636 4323 737 4382 pristino
754 4324 780 4371 et
803 4325 902 4382 paterna
926 4325 1051 4374 dilectione
1068 4339 1124 4382 arra
1135 4325 1297 4374 serenissimos
1314 4324 1431 4386 princpes

180 4415 301 4464 Caesarem
319 4419 345 4464 et
362 4418 459 4474 Anglino
477 4432 561 4478 regam,
581 4433 677 4478 qnorum
695 4423 880 4470 benevolentiam
903 4435 995 4483 semper
1017 4426 1131 4481 integram
1154 4435 1292 4472 conservare
1309 4423 1430 4471 intendit‘

180 4509 339 4579 Duy‘ards'm
356 4516 386 4565 11.
405 4516 466 4566 cla.
