3396 5090
683 733 770 806 Regi
793 730 1109 794 chmstranrssrmo.

223 959 225 964 ,
358 881 531 952 Carissimo.
576 887 675 953 iham
705 887 901 954 serenitatem
921 888 956 954 in
985 906 1076 953 sunm
1097 906 1227 973 remum
1255 887 1440 956 incolumem
1469 908 1519 956 re·-

269 998 364 1066 ‹iiisse
387 1018 422 1066 ec
444 1000 662 1086 indignissima
683 1003 805 1071 adversi
826 1023 915 1070 casus
933 1003 1127 1088 oppressione
1149 1003 1312 1071 liberatam
1334 1005 1367 1070 et
1388 1004 1449 1072 sibi
1470 1024 1521 1072 re-

270 1114 414 1182 stitutam
428 1117 459 1182 et
474 1117 538 1184 suis
556 1118 659 1197 finisse,
682 1119 804 1204 agimus
820 1120 884 1186 Deo
906 1119 1077 1187 immortali
1091 1119 1241 1186 maximas
1256 1121 1383 1205 gratias,
1405 1121 1522 1205 tibique

269 1231 315 1298 fili
337 1250 434 1300 carme
456 1235 655 1319 gratulemur,
685 1236 742 1302 hoc
764 1236 858 1303 etiam
880 1236 1006 1303 laetiore
1028 1236 1131 1302 animo
1159 1235 1240 1321 quod
1263 1235 1522 1303 christianitatem

269 1349 354 1415 velut
375 1351 482 1416 orbem
504 1352 590 1420 tanto
612 1352 737 1431 lumine,
760 1371 838 1438 quae
860 1371 930 1420 oum
952 1355 983 1419 to
1006 1355 1121 1419 careret
1143 1328 1304 1419 ridebatur
1325 1352 1357 1418 et
1378 1353 1467 1419 nohis
1489 1353 1522 1419 et

267 1464 339 1530 aliis
361 1467 509 1553 tanquam
524 1467 658 1535 tenebris
672 1487 740 1534 esse
754 1468 893 1547 obducta,
916 1469 1015 1536 lucem
1039 1487 1125 1536 suam
1141 1465 1306 1552 pristinam
1327 1486 1520 1553 recuperasse

267 1581 331 1646 iam
353 1581 505 1649 cernimus
528 1601 564 1650 ac
585 1585 733 1652 maiorem
754 1585 788 1651 in
810 1585 935 1652 modum
964 1583 1142 1670 mutemus.
1186 1584 1232 1651 hc
1262 1603 1330 1651 vere
1352 1584 1400 1651 fili
1420 1602 1519 1654 carau

267 1717 424 1782 nmquam
445 1717 502 1766 noc
532 1717 621 1766 curae
642 1717 698 1766 nec
719 1699 920 1786 cogitationes
950 1701 1072 1767 nostrae
1100 1699 1186 1767 alind
1207 1701 1370 1786 quicquam
1397 1702 1519 1786 spectra

269 1815 379 1879 venmt
407 1833 500 1899 quam
522 1815 558 1881 nt
586 1816 622 1882 tu
651 1816 849 1894 liberassem
876 1816 991 1902 inquo
1021 1816 1081 1883 etsi
1110 1819 1214 1886 noster
1242 1817 1372 1884 eximius
1394 1835 1468 1903 erga
1489 1819 1522 1885 te

267 1947 354 1996 amor
383 1949 438 1998 nos
467 1931 664 2015 potissimum
688 1933 877 2012 stimulabat,
906 1935 1011 2000 tamen
1040 1933 1089 1999 vel
1118 1933 1289 2000 communis
1317 1933 1521 2000 humanitatis

266 2063 360 2112 causa
380 2065 435 2130 per
456 2066 549 2132 quam
564 2049 665 2116 acerbi
687 2049 734 2121 tui
757 2068 846 2116 casrrs
862 2049 1070 2115 misericordia
1094 2067 1216 2116 eramus
1234 2048 1344 2130 affati,
1367 2049 1417 2117 vel
1430 2067 1520 2134 prae·

268 2161 478 2230 stantissimae
507 2165 577 2230 tuae
607 2165 731 2231 virtutis
761 2165 891 2244 nonu,
921 2165 970 2231 cui
993 2183 1058 2230 sors
1088 2164 1194 2250 iniqua
1223 2165 1366 2232 adversos
1395 2165 1522 2231 aventus

267 2276 427 2356 obiecerat,
456 2279 556 2346 omnis
578 2281 685 2347 nostra
712 2299 801 2347 mens
829 2281 863 2347 in
887 2281 985 2348 salute
1014 2281 1045 2348 et
1066 2281 1210 2348 libertate
1231 2282 1286 2346 tua
1307 2280 1429 2347 assidue
1451 2292 1534 2347 rer·'

269 2393 337 2462 sata
359 2394 414 2460 est.
460 2392 516 2460 Oui
537 2398 659 2486 nostrae
681 2396 713 2463 et
735 2415 823 2462 curae
845 2396 877 2462 et
899 2396 1012 2463 actioni
1033 2397 1066 2463 ot
1087 2415 1164 2481 quas
1187 2396 1319 2463 diximus
1343 2395 1522 2481 saepissime

267 2510 299 2573 et
321 2527 398 2593 qnae
419 2510 460 2576 ad
482 2528 601 2577 serrulna
624 2509 785 2578 Caesarem
807 2511 986 2596 scripsimus
1007 2513 1136 2596 possunt
1158 2531 1225 2579 esse
1247 2511 1407 2578 verissmo
1428 2509 1520 2580 testi·

268 2624 385 2701 monio;
409 2626 468 2692 etsi
491 2627 640 2712 suspicari
661 2647 834 2713 possumus
847 2627 942 2693 fuisse
956 2628 1009 2712 qui
1031 2645 1087 2694 nos
1109 2629 1166 2695 hoc
1188 2646 1261 2713 erga
1283 2628 1315 2694 te
1337 2627 1439 2694 animo
1462 2645 1521 2712 quo

269 2759 375 2807 sumus
398 2761 465 2809 esse
479 2744 605 2824 nollent,
628 2743 681 2828 qui
695 2743 799 2810 omnia
820 2743 854 2810 in
868 2744 1002 2828 peiorem
1024 2745 1144 2828 partem
1158 2744 1444 2828 interpretarentur;
1468 2741 1521 2808 sod

268 2857 300 2923 et
320 2856 386 2923 oties
409 2859 441 2923 et
463 2877 511 2925 res
533 2859 601 2942 ipsa
629 2859 689 2926 tibi
717 2859 873 2939 indicabit
904 2859 1036 2925 salutem
1059 2862 1090 2925 et
1112 2859 1297 2945 dignitatem
1327 2861 1414 2924 tuam
1443 2857 1521 2924 nulli

267 2969 428 3039 hominum
450 2993 542 3057 quam
564 2974 653 3040 nobis
671 2975 839 3042 chariorem
862 2994 929 3042 esse
951 2993 1007 3042 nec
1021 2975 1133 3053 fuisse3
1156 2976 1299 3059 optamus
1314 2974 1438 3060 quidem
1461 2973 1520 3040 tibi

268 3106 412 3172 prospera
433 3090 544 3169 omnia
567 3105 609 3156 ao
621 3090 768 3158 virtutem
789 3093 876 3157 tuam
898 3091 1009 3176 quibus
1025 3091 1119 3176 digna
1142 3093 1190 3158 est
1211 3090 1377 3158 honoribus
1395 3091 1427 3158 et
1449 3108 1519 3157 suc·

268 3203 405 3271 cassibus
425 3207 571 3290 perpetuo
599 3205 661 3272 frui
681 3206 727 3272 ita
750 3207 898 3291 cupimus,
927 3209 963 3273 nt
984 3205 1180 3292 experiendae
1209 3207 1333 3273 nostrae
1353 3205 1520 3273 voluntatis

268 3318 482 3386 necessitatem
505 3339 566 3387 non
587 3299 710 3389 habeas.
756 3319 859 3388 Ssdsi
881 3321 955 3406 qnid
976 3321 1128 3404 acciderit,
1150 3321 1184 3389 in
1199 3339 1258 3407 quo
1273 3321 1450 3388 valameris
1472 3321 1521 3386 vel

268 3435 366 3502 animi
387 3453 460 3520 erga
480 3437 512 3502 te
527 3437 626 3503 nostri
646 3437 815 3522 periculum
833 3437 930 3504 iacere
952 3437 982 3504 te
1005 3440 1150 3522 oporteat
1172 3437 1309 3504 invenies
1324 3453 1379 3503 nec
1401 3435 1519 3503 emtio-

268 3551 380 3618 siorem
402 3570 574 3637 quenquam
589 3572 682 3637 quam
704 3573 760 3620 nos
782 3573 837 3620 noc
859 3553 1045 3637 cupidiorem
1066 3553 1125 3620 tibi
1140 3553 1274 3620 inomni
1294 3571 1405 3638 genere
1427 3551 1521 3620 officii

269 3670 359 3752 atque
381 3667 519 3752 obsequii
541 3668 757 3735 atisfacicndi
802 3669 851 3736 hd
873 3669 931 3736 hoc
953 3687 1009 3736 noe
1024 3668 1159 3736 officium
1177 3687 1348 3754 munusque
1370 3687 1520 3754 exequen-

268 3782 343 3849 dum
365 3783 548 3850 miseramus
571 3785 638 3851 octo
660 3785 772 3852 abhinc
793 3785 900 3851 diebus
923 3784 976 3850 ciii
999 3785 1029 3851 h
1052 3785 1184 3870 Paulum
1207 3783 1379 3850 victorium
1401 3783 1519 3868 capita·

268 3917 361 3966 neum
375 3899 549 3966 trirsmimn
557 3901 739 3980 nonnarum
754 3917 812 3983 quo
827 3902 951 3984 proptor
965 3901 1106 3966 morbum
1120 3898 1229 3982 inipso
1243 3897 1352 3968 itinere
1366 3895 1521 3983 impedito,

269 4013 424 4080 mittimus
445 4033 527 4081 nunc
548 3996 600 4080 dih
625 4015 701 4082 item
723 4015 823 4082 filium
839 4013 989 4100 Capinum
1018 4013 1055 4081 oo
1078 4012 1169 4099 Oapie
1198 4015 1342 4100 equitem,
1365 4012 1521 4081 hominem

268 4129 357 4206 nobis
379 4132 411 4212 et
431 4129 491 4197 fide
506 4131 538 4196 et
559 4129 720 4215 prudentia
734 4130 889 4215 imprimis
904 4130 1072 4215 acceptum,
1088 4129 1145 4196 cui
1167 4130 1261 4198 latins
1277 4132 1379 4197 tecum
1394 4129 1522 4197 consilia

268 4245 374 4314 nostra
395 4245 633 4312 commrmicanti
656 4251 751 4312 sora·
773 4247 827 4311 tua
848 4245 941 4314 fidem
965 4264 1119 4312 summam
1142 4247 1275 4313 habebit.
1321 4245 1438 4311 Datum
1457 4245 1521 4311 Ro·

268 4379 336 4430 mac
359 4359 391 4428 in
415 4360 463 4427 oie
486 4360 504 4427 i.
527 4361 634 4426 Martii
656 4361 786 4428 mdxnri
831 4362 920 4426 Anno
942 4361 1041 4426 tertio.
1089 4409 1093 4418 .
