3366 5084
267 321 345 388 VIII

267 520 429 605 integram,
453 521 554 606 prouti
577 522 677 588 exstat
697 522 731 587 in
746 521 894 589 Vaticano
917 521 1047 600 archivo,
1070 523 1161 606 atque
1185 519 1259 586 adeo
1280 519 1403 599 maiore,
1426 537 1518 602 quam

267 637 348 721 prior
370 639 426 716 est,
449 637 480 703 vi
503 638 724 704 sententiarum
747 639 777 705 et
799 637 1015 722 perspicuitate
1037 637 1215 722 praedItam.

355 753 453 819 Nobis
483 755 586 820 antem
609 753 728 819 videtur
757 771 817 820 non
845 773 954 838 parum
984 755 1154 820 ornamenti
1181 754 1253 822 hnic
1274 754 1352 819 libro
1379 753 1518 818 accedere

267 890 301 936 ex
324 870 437 936 additis
460 871 608 954 epistolis,
637 889 713 954 quas
736 870 940 956 Hieronymus
968 870 1096 951 Naselli,
1126 873 1227 938 orator
1252 871 1404 955 Alpbonsi
1433 871 1518 938 ducis

267 987 477 1066 Ferraricnsis,
500 988 539 1053 ad
563 1007 653 1054 suum
676 985 835 1054 dominum
858 988 946 1054 misit
968 1007 984 1054 e
1007 989 1115 1055 castris
1138 988 1286 1072 praetoris
1309 988 1346 1053 de
1368 988 1518 1066 Bnrbone,

267 1103 327 1186 qui,
357 1104 487 1170 Romam
517 1103 687 1170 miserrime
717 1104 902 1184 vastaturus,
925 1105 1050 1171 Italiam
1080 1105 1271 1190 pervadebat.
1316 1079 1432 1189 Itaque,⁴
1461 1104 1518 1170 boc

267 1218 351 1299 duce,
375 1219 497 1304 singula
521 1239 614 1303 paene
643 1219 785 1299 facinora,
816 1238 893 1304 quae
916 1239 934 1286 a
958 1221 1086 1305 septimo
1109 1222 1165 1288 cal.
1188 1223 1273 1287 Febr.
1304 1219 1343 1285 ad
1373 1221 1516 1286 tertium-

267 1335 420 1403 decimum
436 1337 491 1402 cal.
507 1335 583 1402 Maii
599 1335 671 1402 anni
688 1339 783 1416 1527,
804 1338 842 1403 ab
864 1336 1098 1404 Immanissimis
1112 1338 1276 1417 latronum,
1295 1355 1357 1403 non
1371 1336 1516 1417 militum,

266 1451 365 1518 turbis
381 1453 502 1536 patrata
517 1453 597 1532 sunt,
612 1453 754 1537 persequi
769 1454 801 1520 et
816 1454 905 1537 quasi
919 1453 1015 1521 oculis
1031 1453 1144 1520 intueri
1158 1473 1336 1537 possumus;
1358 1452 1516 1536 siquidem,

266 1567 437 1652 principum
469 1567 618 1634 Italorum
645 1569 789 1650 socordia,
820 1569 906 1635 ducis
929 1569 1090 1636 Urbinatis
1118 1569 1341 1654 proditionibus
1371 1567 1516 1653 ducisque

265 1683 467 1751 Ferrariensis
491 1683 646 1764 subsidiis,
662 1685 750 1750 licuit
764 1685 956 1752 efferatorum
971 1685 1131 1752 hominum
1142 1686 1271 1752 catervis
1286 1686 1366 1751 hanc
1380 1686 1516 1751 nostram

265 1800 502 1883 pulcherrimam
524 1819 617 1884 aeque
639 1820 675 1866 ac
698 1801 999 1868 aerumnosissimam
1021 1802 1135 1867 terram
1157 1801 1282 1885 impuno
1303 1802 1471 1885 irrumpere
1486 1801 1518 1866 et

264 1917 411 2000 populari,
435 1916 487 2000 qui
510 1916 593 1983 facili
616 1918 737 2002 negotio
753 1917 864 2002 ubique
887 1917 1002 1983 conteri
1025 1936 1060 1982 ac
1075 1916 1209 2001 disperdi
1231 1917 1410 2001 potuissent.
1441 1918 1516 1983 Post

265 2051 360 2099 nonas
383 2032 494 2098 Junias
517 2033 598 2099 idem
620 2033 741 2099 Naselli
763 2033 841 2099 alias
870 2052 988 2118 quoque
1010 2033 1156 2116 epistolas
1180 2033 1316 2117 scripsit,
1346 2033 1444 2117 iisque
1469 2033 1516 2099 tot

265 2149 480 2233 tantarumque
503 2169 604 2216 rerum
627 2149 774 2252 bistesiae
796 2150 940 2216 ultimam
962 2149 1059 2216 veluti
1080 2167 1208 2216 manum
1230 2149 1384 2234 imposuit.

352 2264 491 2348 Denique
506 2266 653 2349 tanquam
668 2264 925 2345 documentorum,
948 2283 1025 2349 qnae
1039 2265 1073 2332 in
1087 2264 1145 2330 hoc
1158 2265 1236 2331 libro
1259 2266 1406 2350 prostant,
1429 2283 1514 2330 coro·

264 2380 375 2460 uidem,
398 2380 549 2464 optimum
565 2380 648 2447 factu
664 2381 838 2448 censuimus
854 2382 1092 2448 instrumentum
1107 2380 1187 2447 illud
1200 2381 1234 2445 in
1250 2381 1384 2447 medium
1400 2380 1514 2458 afferre,

263 2496 344 2563 unde
373 2497 499 2576 scimus,
530 2497 701 2563 Romanum
732 2497 905 2581 pontificem
935 2497 1088 2564 curavisse
1117 2496 1275 2562 archlvum
1305 2497 1513 2563 Ravennatem

262 2612 522 2696 perscrutandum,
545 2615 581 2679 ut
603 2613 789 2679 &vennatis
812 2614 992 2680 exarchatus
1014 2614 1133 2697 partem
1156 2612 1252 2678 fuisse
1267 2611 1421 2678 Mutinam
1443 2611 1514 2677 inde

263 2728 358 2796 eliciti
389 2731 484 2795 testes
513 2730 750 2812 comprobarent.
795 2729 933 2796 Profecto
957 2749 991 2796 ex
1014 2730 1071 2795 lroc
1098 2727 1181 2796 fonte
1203 2728 1236 2794 id
1266 2728 1376 2795 saltem
1406 2728 1514 2794 deduci

263 2843 371 2928 potest,
394 2863 486 2928 quam
516 2845 682 2929 praefracte
704 2845 880 2929 Alphonsus
909 2844 1069 2924 obstiterit,
1099 2845 1262 2929 quominus
1289 2845 1513 2928 pontificiorum

262 2960 376 3027 inrium
399 2959 580 3028 documenta
603 2979 638 3026 ao
660 2961 837 3028 testimonla
867 2961 1091 3046 inquirerentur
1113 2962 1144 3026 et
1165 2961 1199 3026 in
1221 2960 1322 3026 lucem
1348 2961 1512 3044 prodirent.

262 3075 337 3141 Inde
359 3075 453 3142 etlam
475 3075 580 3160 liquet,
603 3077 738 3160 tempore
753 3075 853 3143 Caroli
875 3077 981 3161 magni
996 3078 1027 3142 et
1043 3075 1208 3154 Othonum,
1231 3075 1345 3160 pariter
1362 3095 1398 3142 ae
1420 3096 1510 3160 supe-

262 3191 340 3258 riore
361 3193 469 3270 aetate,
499 3190 661 3272 Mutinam,
684 3192 819 3277 Regium
840 3192 955 3276 Lepidi,
985 3193 1129 3259 Parmam
1152 3193 1184 3258 et
1205 3191 1396 3258 Placentiam
1417 3192 1512 3258 fuisse

262 3307 412 3373 Aemiliae
434 3308 524 3373 urbes
547 3306 586 3372 ad
608 3308 786 3375 &vennam
813 3308 1036 3393 quodammodo
1060 3309 1239 3391 spectantes.
1284 3306 1371 3388 Quod
1394 3308 1420 3374 si
1443 3308 1512 3392 quis

262 3422 390 3503 dubitet,
421 3441 461 3488 an
483 3423 616 3507 genuina
639 3425 702 3489 sint
725 3423 837 3504 omnia,
868 3427 971 3491 tamen
995 3424 1055 3490 sibi
1076 3423 1264 3508 persuadeat,
1287 3423 1376 3508 plura
1397 3423 1512 3490 ibidem

261 3557 328 3604 esse
347 3537 449 3623 digne,
472 3509 583 3622 qrribus
606 3540 695 3622 plena
710 3540 858 3606 habeatnr
880 3539 965 3618 fides,
988 3542 1027 3619 et,
1051 3538 1172 3623 siquid
1194 3539 1321 3606 fortasse
1336 3539 1405 3606 vitii
1427 3540 1511 3619 insit,

262 3653 294 3719 id
309 3673 371 3720 non
386 3653 455 3721 aliis
464 3654 523 3721 nisi
533 3654 761 3722 Rauennatibus
777 3673 843 3721 esse
858 3654 1099 3736 adscribendum,
1114 3675 1209 3740 quum
1224 3655 1248 3720 ii
1263 3653 1302 3720 ad
1316 3653 1511 3735 defendenda,

261 3787 338 3853 quae
361 3769 422 3836 sibi
443 3771 667 3855 arrogaverant,
689 3771 758 3836 iura
778 3771 829 3836 hle
852 3768 1066 3837 instrumentis
1088 3771 1253 3837 uterentur.

350 3883 539 3952 Confidimus
568 3885 677 3970 igitur,
707 3885 847 3952 nostrum
876 3904 952 3970 opus
982 3885 1127 3953 studiosis
1156 3884 1307 3969 cultisque
1336 3885 1512 3952 bominibus

261 3999 344 4065 haud
372 3999 483 4067 inutile
505 4000 577 4081 fore,
608 4001 699 4085 atque
722 3999 796 4068 adeo
825 4001 988 4068 historicae
1011 4000 1144 4082 variati
1172 4001 1233 4068 heu
1255 3999 1386 4067 nimium
1415 4019 1511 4086 oppu-

260 4117 372 4199 gnatae
401 4117 433 4182 ot
462 4117 511 4182 rel
540 4116 674 4201 partium
705 4117 806 4184 studio
836 4118 885 4184 rel
913 4117 1104 4203 ignoratione
1134 4115 1265 4182 sontium
1295 4119 1453 4200 oonuptae
1476 4135 1511 4182 ac

261 4231 395 4298 tenebris
418 4232 542 4312 obsitae,
565 4251 626 4299 non
648 4251 756 4316 parum
779 4233 925 4299 utilitatis
948 4233 1123 4299 allaturum.

349 4347 472 4413 Dabam
495 4348 637 4433 Pragatti
659 4347 694 4414 in
716 4348 902 4415 Bononiensi
924 4348 1016 4416 dioec.
1043 4351 1060 4416 1
1085 4346 1152 4414 Oet.
1177 4349 1272 4416 1884.

1082 4467 1247 4548 Petrus
1275 4465 1429 4546 Bmam
