3364 5102
665 361 820 432 -393
867 399 910 412 -

158 551 240 620 resto
263 572 319 619 con
334 571 482 622 racem.¹¹²⁰
503 555 611 624 humil.
635 557 685 623 ala
707 577 763 624 sua
784 559 865 626 bona
886 561 995 646 gratia,
1019 561 1074 630 clre
1098 583 1127 630 n.
1144 565 1251 634 aldio
1273 568 1411 634 conservi

158 688 174 734 e
196 671 351 756 prosperi3
372 671 409 738 do
432 673 579 740 Piacenza
601 673 644 740 ali
666 675 730 742 xiii
753 675 791 742 de
813 695 911 762 zugno
934 676 1077 746 mdrrrii.

248 787 285 854 D.
310 807 337 855 v.
359 789 404 856 ill
429 807 452 856 s.
472 789 609 858 derot¹¹¹⁰
632 810 688 858 ser.

991 874 1124 943 Roberto
1147 877 1320 946 Boscbetto.

748 1053 822 1120 287.

544 1219 708 1279 Clemens
731 1219 804 1280 vm.
826 1218 958 1280 Carolo
981 1221 1022 1280 v.

157 1327 282 1414 (Leonis
295 1329 333 1394 X.
349 1331 381 1394 ot
395 1325 562 1396 Clementis
576 1329 645 1396 VH.
661 1329 797 1395 minutae
812 1329 951 1396 brevium
967 1350 1041 1400 arm.
1053 1331 1163 1402 XLIV.
1179 1334 1218 1401 N.
1229 1339 1258 1404 8.
1274 1337 1324 1406 fol.
1341 1339 1407 1426 63).

647 1444 718 1531 (sub
733 1445 794 1511 fine
811 1444 919 1531 1528).

244 1607 335 1672 Pium
357 1607 541 1674 arbitramur
563 1608 595 1674 et
616 1625 784 1692 congruum
807 1607 839 1674 et
861 1606 973 1676 rationi
995 1626 1031 1674 ac
1053 1609 1207 1680 honestati
1222 1615 1310 1683 valde
1332 1638 1406 1686 con-

155 1724 279 1791 veniens
301 1724 514 1791 testimonium
536 1725 694 1808 perhibere
714 1722 855 1790 veritatis
878 1723 911 1789 in
933 1725 1018 1791 omni
1037 1744 1069 1792 re
1092 1745 1145 1794 scu
1166 1733 1290 1816 negotio
1312 1735 1406 1804 etiam

155 1841 195 1908 ad
211 1839 318 1908 Sedem
334 1843 534 1927 apostolicam
549 1841 761 1926 pertinentem,
784 1839 833 1906 cui
853 1859 910 1908 nos
932 1839 1037 1908 divina
1051 1841 1230 1928 disponente
1245 1849 1408 1919 clementia

155 1957 371 2042 praesidemus,
401 1961 541 2041 quamvis
567 1957 733 2026 secundum
763 1956 922 2024 canonicas
955 1959 1127 2026 sanctiones
1149 1981 1241 2030 cansa
1263 1967 1407 2038 ecclesiae

154 2074 368 2141 lateranensis
383 2077 504 2142 nostrae
519 2094 572 2142 seu
595 2071 682 2140 Sedis
698 2072 882 2158 apostolicae
903 2092 964 2139 non
979 2075 1027 2139 est
1046 2081 1168 2161 propria
1189 2084 1294 2149 nostra
1315 2104 1407 2154 eausa

155 2191 241 2258 motu
262 2191 384 2276 proprio
399 2193 431 2258 et
453 2212 488 2259 er
510 2192 592 2258 certa
614 2191 719 2258 nostra
741 2189 870 2256 scientia
892 2208 927 2255 ac
949 2190 1111 2274 potestatis
1126 2195 1316 2279 plenitudiue
1338 2203 1405 2288 ple·

154 2308 283 2374 nissime
298 2327 317 2372 a
334 2308 472 2392 personis
487 2307 651 2392 fidedignis
674 2307 839 2386 informati,
862 2306 1044 2372 attestamur
1059 2309 1090 2375 et
1104 2310 1137 2375 in
1153 2313 1243 2381 rerbo
1266 2319 1407 2387 veritatis

154 2422 246 2490 fidem
269 2423 398 2490 facimus
414 2425 607 2508 alphonsum
630 2419 831 2508 praefatum1)
848 2440 909 2488 non
926 2422 1025 2488 solnm
1041 2426 1146 2492 contra
1161 2448 1217 2496 nos
1234 2432 1286 2498 sed
1302 2437 1408 2504 contra

153 2538 274 2606 Julium
296 2541 336 2607 Il.
366 2541 397 2607 et
426 2538 557 2608 Leonem
579 2539 617 2607 X.
641 2539 795 2606 Romanos
824 2537 983 2622 pontifices
1012 2541 1255 2623 praedecessores
1285 2553 1405 2620 nostros

154 2658 275 2742 ingrato
298 2659 361 2724 imo
385 2677 453 2724 vero
469 2657 594 2724 inimico
618 2657 720 2722 animo
737 2673 857 2740 semper
877 2653 981 2734 misso,
1004 2657 1095 2740 prout
1116 2658 1150 2724 in
1165 2661 1280 2730 litteris
1303 2665 1402 2736 dioto-

152 2793 221 2839 rum
250 2759 496 2858 predecessorum
525 2775 698 2841 nostrorum
728 2771 848 2857 plenius
870 2771 1051 2852 continetur,
1081 2774 1173 2858 atque
1203 2778 1271 2848 ideo
1299 2784 1403 2868 priva·

152 2889 219 2955 tum
242 2889 274 2954 et
296 2891 431 2956 censuris
455 2890 654 2974 illaqueatum
678 2888 781 2954 luisse.
826 2885 867 2951 Et
888 2885 961 2951 licet
982 2905 1035 2970 per
1058 2888 1157 2957 felicis
1188 2897 1404 2970 recordationis

152 3003 279 3070 Adriani
302 3007 356 3074 Vl.
379 3007 474 3072 etiarn
493 3004 730 3091 praedecessoris
752 3001 851 3068 nostri
873 3001 993 3067 litteras
1016 3003 1050 3069 in
1072 3005 1170 3074 forma
1191 3009 1293 3078 brevis
1316 3035 1402 3084 asse·

151 3123 235 3187 ratur
258 3122 425 3203 absolutus,
454 3124 556 3208 magis
584 3121 773 3189 convincitur
802 3118 868 3184 eius
898 3117 1087 3186 contumatia
1115 3124 1283 3195 infidelitas
1313 3134 1403 3218 atque

151 3237 339 3323 ingratitudo
363 3240 396 3305 iu
413 3238 521 3306 Sedem
544 3239 752 3324 apostolicam,
776 3254 844 3301 cum
867 3232 988 3300 litteras
1006 3237 1176 3318 praedictas
1199 3243 1402 3318 absolutionis

151 3374 245 3439 usque
274 3356 348 3422 adeo
380 3357 596 3441 contempserit
627 3357 659 3422 et
690 3351 903 3420 conventiones
935 3368 1005 3417 cum
1038 3353 1144 3422 eodem
1174 3361 1402 3444 praedecessore

150 3470 253 3537 nostro
277 3490 466 3556 nequaquam
482 3472 702 3546 observaverit3
725 3487 760 3535 ex
783 3465 893 3551 quibus
917 3467 944 3530 si
966 3468 1051 3534 iuxta
1066 3473 1188 3556 regulas
1211 3477 1287 3546 iuris
1307 3487 1402 3552 semol

149 3587 250 3653 melus
271 3591 407 3673 presumi
431 3588 539 3655 debeat
562 3606 680 3672 semper
702 3585 812 3663 malus,
840 3581 913 3648 licet
935 3581 1024 3649 facile
1046 3588 1194 3658 coniicere
1217 3614 1308 3679 quem
1331 3603 1400 3666 ani.

149 3721 234 3769 mum
257 3703 398 3771 habuerit
428 3725 548 3790 semper
576 3704 730 3789 praefatus
753 3699 929 3784 alphonsus
959 3700 992 3763 iu
1014 3699 1188 3772 Romanum
1217 3714 1400 3800 pontificem,

149 3819 180 3883 et
196 3817 304 3885 Sedem
321 3823 519 3905 apostolicam
534 3822 565 3888 et
580 3839 670 3905 quem
692 3817 782 3884 hodie
797 3813 1009 3900 praesumetur
1024 3816 1147 3899 babore;
1171 3828 1324 3909 postremo
1340 3852 1400 3916 qua

148 3935 377 4018 ingratitudine,
401 3937 583 4004 infidelitate
598 3938 629 4004 et
652 3937 756 4020 aperta
778 3929 943 3998 inimicitia
966 3931 1000 3995 in
1021 3951 1077 4000 nos
1093 3937 1124 4003 et
1140 3936 1250 4009 Sedcm
1273 3950 1396 4031 aposto·

147 4049 240 4116 licam
262 4071 336 4118 usus
359 4053 452 4120 luerit
466 4053 553 4120 docet
575 4053 724 4120 adrentus
747 4049 833 4114 ducis
849 4045 996 4112 Borbonii
1019 4049 1121 4132 palam
1136 4055 1280 4125 iactantis
1296 4066 1398 4134 venire

147 4165 184 4229 ad
208 4164 410 4248 diripiendam
433 4171 540 4237 urbem
570 4170 601 4236 et
632 4164 843 4235 carcerandam
872 4179 1032 4245 personam
1061 4170 1252 4241 nostramet
1275 4181 1396 4248 emotae

146 4281 301 4351 Romanae
316 4285 468 4353 Ecclesiae
485 4286 654 4354 cardinales
677 4284 767 4369 prout
782 4280 865 4356 lecit,
887 4277 985 4343 inscie
1000 4279 1063 4348 imo
1079 4303 1148 4351 rero
1167 4291 1272 4357 contra
1287 4296 1395 4362 volun·

239 4532 257 4598 ¹)
275 4535 368 4588 Scilicet
385 4538 528 4600 Alplroururn
547 4541 664 4588 Ferrarius
682 4539 771 4587 ducem.
