3400 5088
770 363 1014 429 —116-

262 559 456 646 exposuimus
480 557 586 625 nuntio
616 561 678 639 tuo,
708 558 762 644 qui
785 558 843 625 tibi
864 559 984 644 plenius
1008 558 1124 625 referet.
1177 559 1292 625 Datum
1322 557 1437 626 Romae
1467 558 1516 626 dic

261 677 319 744 xxi
342 675 448 742 Martii
470 674 588 741 mdxxv.
632 675 722 741 Anno
745 675 883 742 secundo.

861 935 911 1003 85.

782 1102 994 1173 viceregi.

347 1257 465 1323 Dilecto
479 1255 534 1322 fili.
579 1253 666 1336 Quod
680 1257 817 1321 nostram
832 1274 902 1320 oum
925 1271 1020 1322 seruc
1034 1253 1162 1322 Caesare
1183 1256 1425 1322 coniunctionem
1440 1257 1511 1322 vin·

259 1373 336 1439 culis
359 1371 500 1457 colligari
522 1371 787 1438 indissolubilibus
810 1372 907 1454 optas,
930 1371 1043 1436 utiam
1059 1371 1137 1437 alias
1160 1371 1199 1437 ad
1215 1371 1407 1438 nobilitatem
1423 1374 1509 1438 tuam

258 1488 444 1572 scripsimus,
466 1487 606 1555 nostrum
621 1486 654 1552 id
667 1486 863 1571 potissimum
886 1487 934 1552 est
949 1486 1133 1554 desiderium
1155 1505 1329 1572 quanquam
1351 1489 1385 1554 in
1406 1507 1510 1554 amore

256 1624 317 1670 non
339 1623 466 1682 novum;
489 1604 542 1669 sed
564 1604 644 1687 quod
666 1602 705 1668 ad
720 1603 829 1668 federis
852 1604 1002 1668 rationem
1018 1603 1137 1682 attinet
1160 1623 1229 1669 cum
1245 1605 1341 1688 ipsius
1365 1604 1415 1670 hic
1437 1624 1506 1670 ora·

256 1721 374 1786 toribus
396 1719 530 1804 quotidie
553 1719 586 1784 in
609 1719 767 1784 tractando
791 1737 947 1784 versamur
969 1721 1001 1784 et
1022 1719 1085 1784 iam
1109 1718 1231 1804 iamque
1254 1739 1360 1785 sumus
1383 1721 1506 1786 conclu·

256 1837 321 1901 suri
342 1835 423 1920 quod
445 1835 600 1901 celerrime
629 1834 752 1900 homine
780 1833 884 1899 dedita
915 1853 1006 1918 opera
1035 1835 1130 1901 misso
1160 1835 1219 1901 tibi
1249 1834 1507 1919 significabimus;

256 1969 324 2017 uere
346 1951 430 2016 enirn
444 1970 503 2035 quo
521 1951 590 2034 plus
606 1950 665 2016 Dei
686 1949 799 2015 iudicia
814 1951 916 2016 animo
940 1951 1090 2016 voluimus
1106 1951 1163 2016 hoc
1178 1951 1279 2036 magis
1302 1951 1507 2036 intelligimus

255 2067 390 2150 preclara
412 2065 517 2131 dirina
546 2085 619 2150 erga
641 2085 712 2131 eum
735 2064 879 2131 beneficia
907 2065 947 2132 ad
970 2067 1214 2133 constituendam
1236 2069 1267 2133 et
1290 2067 1506 2134 stabiliendam

172 2249 173 2252 ,
255 2183 387 2248 salutem
409 2181 504 2248 totius
526 2181 761 2246 christianitatis
792 2183 923 2247 maxime
953 2184 1025 2266 apta
1047 2182 1118 2261 iore,
1147 2183 1261 2249 virtute
1284 2185 1386 2249 autem
1409 2183 1507 2268 ipsius

254 2301 284 2364 et
307 2297 468 2382 prudentia
490 2299 521 2364 et
536 2297 672 2363 bonitate
694 2298 833 2382 precipue
848 2296 1036 2363 confidimus.
1070 2297 1169 2377 Quare
1184 2297 1340 2364 existimes
1355 2299 1504 2378 uolumus,

254 2431 310 2480 nos
333 2415 364 2480 et
386 2433 444 2499 que
466 2415 555 2498 gata
577 2413 626 2478 ilh'
648 2431 682 2478 ac
704 2413 764 2479 tibi
785 2414 817 2479 et
839 2432 896 2498 que
919 2431 938 2478 a
960 2415 1038 2480 bono
1060 2414 1202 2497 pontifice
1225 2414 1408 2499 expectanda
1432 2416 1504 2480 sunt

254 2529 384 2596 libenter
405 2532 436 2596 et
459 2529 563 2596 sedulo
586 2547 652 2594 esse
674 2528 815 2610 facturos,
847 2529 927 2594 sicut
949 2549 1020 2595 cum
1041 2530 1137 2596 noun
1158 2531 1212 2595 tua
1241 2530 1292 2595 dil.
1316 2530 1346 2596 fi.
1370 2531 1503 2596 Bernar-

252 2645 343 2712 diuus
365 2646 478 2712 electus
494 2643 666 2712 analensis
681 2646 784 2710 nostro
800 2645 922 2711 nomine
945 2647 1024 2728 aget,
1039 2645 1089 2710 cui
1103 2644 1195 2710 fidem
1210 2645 1346 2710 babebis.
1385 2646 1502 2712 Datum

253 2763 368 2828 Rornae
390 2761 439 2827 die
462 2761 530 2828 xxii
554 2760 662 2826 Martii
683 2761 801 2828 mdurv.
846 2761 936 2827 Anno
960 2760 1097 2827 secundo.

856 3022 906 3088 86.

596 3188 701 3246 Matri
725 3187 830 3258 Regis
854 3185 1154 3247 Christlanisslml.

339 3343 460 3410 Dilecta
481 3340 515 3407 in
537 3339 657 3408 Christo
684 3340 756 3407 filia.
802 3339 987 3425 scripsimus
1016 3340 1093 3406 alias
1123 3340 1162 3406 ad
1191 3340 1383 3408 nobilitatam
1412 3344 1498 3409 tuam

250 3462 320 3546 post
341 3460 483 3526 scarbum
506 3477 575 3524 eum
598 3457 651 3542 qui
673 3457 773 3523 euenit
795 3475 900 3523 rasum
923 3476 993 3523 cum
1015 3457 1151 3522 dolorem
1166 3459 1306 3523 nostrum
1328 3476 1419 3543 quem
1437 3476 1499 3524 non

250 3575 432 3643 mediocrem
454 3595 489 3641 er
511 3593 547 3640 ea
569 3593 601 3639 re
623 3573 794 3656 accepimus
822 3574 923 3638 tecum
946 3573 1214 3652 communicantes,
1237 3575 1304 3639 tum
1327 3573 1424 3640 dolori
1445 3575 1497 3640 tuo

249 3692 486 3760 consolationem
508 3709 576 3756 eam
591 3689 779 3768 adhibentes,
802 3708 894 3773 quam
917 3691 948 3755 ot
963 3707 1048 3755 amor
1069 3689 1103 3755 in
1124 3689 1156 3754 ta
1178 3691 1322 3774 paternus
1345 3691 1448 3756 noster
1466 3692 1498 3755 et

247 3811 301 3874 tua
324 3807 489 3893 singularis
510 3805 608 3871 virtus
629 3805 812 3889 postulabat
857 3801 1037 3889 Quanquam
1060 3805 1142 3872 enim
1165 3805 1210 3870 rei
1231 3804 1368 3890 gravitas
1390 3808 1422 3873 et
1443 3807 1494 3872 in·

247 3923 364 4010 opinati
385 3941 474 3989 casus
496 3920 676 4006 magnitudo
698 3921 854 4006 quenlibet
876 3923 1067 3987 constantem
1089 3921 1229 3986 animum
1250 3923 1351 4005 potuit
1373 3940 1493 4006 permo-

247 4060 330 4117 vere;
352 4043 458 4106 tumen
472 4037 508 4104 de
531 4041 583 4103 tua
599 4036 759 4121 prudentia
781 4055 849 4102 eam
871 4036 1043 4121 opinionem
1066 4038 1214 4103 habemus
1236 4039 1271 4102 ut
1286 4038 1495 4104 existimemus

246 4158 372 4222 eventis
393 4154 543 4219 humanos
565 4173 627 4220 non
648 4155 770 4218 tenum
792 4153 903 4218 habere
925 4152 1037 4218 virium
1060 4155 1095 4218 ut
1116 4156 1147 4218 te
1169 4153 1290 4237 penitus
1312 4153 1496 4221 labefactare

246 4273 277 4338 et
299 4270 465 4337 conuellere
487 4270 614 4356 possint
636 4269 797 4352 presertim
819 4267 1020 4335 confidentem
1042 4269 1107 4334 Deo
1129 4269 1291 4350 altissimo,
1320 4271 1373 4355 qni
1395 4288 1494 4355 quan-

246 4385 343 4471 doque
365 4384 440 4452 sinit
462 4385 636 4470 confingere
658 4384 734 4450 talia
763 4384 797 4449 ut
820 4384 862 4449 sit
884 4386 989 4468 postea
1011 4384 1096 4449 illius
1119 4385 1295 4470 benignitas
1317 4387 1349 4451 ct
1370 4386 1493 4452 miseri-

245 4501 347 4570 cordia
367 4501 532 4579 illustrior;
561 4501 664 4585 itaque
686 4500 765 4585 quod
794 4502 867 4566 tunc
897 4499 1075 4583 scripsimus
1098 4519 1177 4566 nunc
1200 4520 1316 4586 quoque
1338 4500 1420 4567 idem
1444 4521 1493 4570 re-
