3396 5090
768 365 1013 435 -ret-

263 563 432 632 currentem
456 565 490 631 ut
512 583 635 648 pergere
658 563 696 628 ad
720 563 907 630 sedationem
929 565 1014 629 illins
1030 563 1112 629 modi
1127 563 1272 648 plebium,
1296 564 1381 630 11111
1404 561 1514 648 ubique

261 685 315 749 tna
337 685 368 748 et
383 681 555 748 divinarum
569 680 723 764 imprimis
745 680 849 764 legum
865 679 1024 763 dignitate,
1040 681 1125 759 velia,
1148 699 1183 746 ac
1202 699 1291 765 saepe
1313 699 1331 746 a
1346 680 1513 747 maioribus

261 799 323 864 tuis
346 799 524 882 usurpatam
547 795 767 862 conservandae
790 796 980 862 auctoritatis
1003 796 1224 862 ecclesiasticae
1245 797 1377 882 gloriam
1399 797 1513 881 ampli·

262 915 352 980 ficare
383 915 462 979 sicut
491 916 540 979 est
568 911 723 997 proprium
747 911 870 977 virtutis
900 914 931 978 et
955 912 1121 996 sapientiae
1143 915 1221 978 tuae.
1268 911 1333 980 Noa
1355 931 1432 996 qnae
1454 913 1512 977 tibi

261 1030 392 1115 polliciti
415 1049 520 1096 sumus
537 1028 673 1094 subsidia
696 1031 730 1094 ut
745 1027 939 1111 expediamus
962 1028 1041 1094 nihil
1055 1029 1310 1111 pretermittimus
1325 1028 1511 1114 diligentiae.

262 1145 321 1212 Sed
343 1147 391 1212 est
413 1145 446 1211 in
468 1145 613 1230 exigendo
636 1144 738 1227 aliqua
753 1142 933 1221 defficultas
957 1161 1034 1227 qnae
1056 1146 1161 1210 11111111
1182 1162 1237 1210 nec
1260 1143 1352 1210 iidem
1374 1145 1511 1210 nostram

261 1282 316 1328 nec
344 1280 479 1327 amorem
509 1263 662 1326 moratura
685 1262 740 1326 est.
786 1257 873 1339 Quod
902 1259 996 1325 etiam
1019 1279 1054 1326 er
1084 1259 1136 1326 dil.
1165 1260 1194 1326 li.
1218 1261 1308 1327 Petro
1332 1258 1512 1327 Salamenca

261 1375 421 1444 1111111111
436 1379 488 1443 huo
503 1376 674 1460 intelligere
689 1375 810 1461 poteria.
849 1376 964 1441 Datum
980 1376 1095 1442 Romae
1110 1377 1165 1443 etc.
1181 1375 1230 1442 die
1245 1375 1283 1442 xi
1298 1375 1378 1443 iulii
1393 1374 1511 1442 11111111.

260 1493 349 1561 Anno
373 1493 509 1560 secundo.

347 1725 484 1792 iohanni
513 1725 578 1809 regi
600 1724 815 1808 Portugalliae.
839 1762 883 1772 -
905 1725 960 1790 Ait
988 1723 1122 1808 pontifex
1154 1744 1187 1791 se
1212 1725 1284 1792 ticet
1313 1742 1403 1810 aegre
1432 1723 1511 1791 feret

259 1841 440 1909 Michaelem
457 1840 551 1926 Sylva
573 1859 591 1906 1
614 1859 646 1905 11
661 1839 821 1919 discedere,
843 1843 967 1925 gratum
990 1840 1094 1906 tamen
1117 1840 1227 1906 habere
1250 1838 1330 1925 quod
1352 1838 1459 1907 exinde
1473 1858 1509 1906 eo

258 1959 423 2042 interprete
447 1975 554 2022 usurus
571 1955 612 2021 sit
627 1955 707 2040 apud
730 1974 833 2039 regem
854 1955 966 2039 ipsum,
989 1957 1169 2039 praesertim
1192 1955 1272 2022 circe
1286 1955 1434 2023 nonnulla
1458 1974 1511 2020 ee-

259 2074 387 2140 cretiore
409 2072 545 2152 consilia,
575 2091 665 2155 super
687 2071 797 2156 quibus
827 2071 965 2137 hortatur
995 2071 1123 2138 eundem
1146 2073 1182 2138 R.
1207 2075 1241 2138 ut
1264 2072 1400 2139 vicissim
1423 2073 1510 2139 nullo

258 2189 318 2255 alio
340 2189 505 2273 interprete
528 2189 640 2266 11111111,
664 2190 861 2271 precaturque
883 2189 918 2252 ut
940 2187 1061 2271 publico
1091 2187 1328 2255 christianitatis
1351 2189 1429 2255 bono
1453 2208 1509 2254 sue

259 2324 375 2390 quoque
398 2304 526 2370 consilia
549 2321 730 2387 operamque
753 2303 895 2368 conferet.
941 2303 1096 2369 Laudibus
1120 2304 1248 2389 denique
1271 2305 1418 2372 extollens
1442 2303 1506 2370 vir·

258 2424 356 2487 tutem
372 2419 541 2499 Michaelis,
564 2420 703 2502 precibus
727 2419 882 2484 contendit
898 2421 932 2484 ut
955 2419 982 2483 is
998 2419 1077 2503 apud
1094 2439 1198 2504 regem
1221 2421 1263 2486 sit
1285 2421 1402 2505 gratior
1417 2421 1508 2504 atque

256 2537 397 2603 ornatior.
444 2537 557 2600 Datum
582 2535 697 2600 Romae
719 2535 768 2601 die
789 2535 839 2601 xii.
862 2533 941 2601 ,Iulii
964 2535 1081 2602 mdrxv.
1127 2537 1216 2602 Anno
1239 2537 1377 2604 secunde.

851 2799 921 2864 122.

618 2964 704 3036 Regi
729 2967 763 3021 et
786 2964 942 3034 Reginae
965 2962 1144 3023 Pelopiae.

347 3117 511 3182 Carissimo
534 3120 564 3182 et
586 3118 752 3182 carissime.
799 3115 882 3195 Quae
905 3115 943 3181 ad
966 3134 1021 3182 noe
1044 3115 1179 3182 scribitis
1202 3115 1239 3182 de
1261 3135 1329 3183 arce
1351 3119 1507 3184 11111111

258 3233 294 3300 da
318 3234 440 3300 civitate
463 3234 601 3311 Barensi
626 3233 711 3298 cuius
735 3231 869 3298 nondum
892 3233 980 3315 plene
1003 3231 1089 3299 uobis
1112 3233 1160 3298 est
1182 3233 1334 3318 possessio
1356 3233 1507 3312 restituta,

257 3369 292 3416 11
315 3349 402 3416 nobis
426 3350 529 3414 1111111
552 3368 640 3414 curae
671 3351 742 3414 sunt
765 3349 800 3413 nt
822 3348 848 3413 si
871 3351 976 3414 nostre
998 3350 1029 3414 et
1051 3347 1172 3432 propria
1195 3349 1305 3428 essent
1333 3368 1506 3434 quanquam

256 3465 350 3531 etiam
374 3464 486 3530 meiere
510 3464 610 3529 studio
633 3465 665 3528 in
681 3465 770 3530 rebus
787 3463 896 3529 1111111
919 3465 1041 3547 propter
1063 3461 1155 3530 fidem
1171 3463 1392 3531 benivolentiae
1414 3484 1506 3551 qnam

257 3583 290 3648 in
313 3580 425 3647 nostris
440 3582 563 3666 propter
584 3581 720 3646 nostram
737 3579 905 3644 utilitatem
927 3597 1159 3647 commovemur.
1205 3581 1313 3664 ltaque
1328 3581 1506 3667 scripsimus

256 3699 287 3763 et
309 3697 348 3762 ad
371 3695 423 3761 dil.
447 3695 476 3760 fi.
500 3699 638 3762 nostrum
667 3695 818 3761 ioannem
847 3696 985 3779 legatum
1010 3693 1043 3760 in
1066 3694 1248 3780 Hispaniam
1271 3698 1303 3762 et
1324 3697 1364 3762 ad
1387 3715 1506 3764 111.11111

256 3811 415 3877 Caesarem
430 3811 618 3877 destinatum
633 3812 663 3876 et
679 3812 717 3876 ad
739 3814 878 3877 nostrum
893 3811 1008 3877 ibidem
1023 3811 1176 3891 nuncium,
1199 3813 1234 3878 ut
1250 3831 1370 3879 summa
1393 3833 1449 3898 ope
1470 3833 1505 3879 ac

255 3927 417 4011 diligentia
446 3945 511 3993 rem
537 3928 633 3992 totam
663 3927 742 3993 hanc
770 3927 850 4011 apud
873 3924 1032 3993 Caesarem
1062 3929 1165 3993 nostro
1194 3927 1316 3995 nomine
1339 3931 1505 4013 procurent

257 4043 421 4127 quantique
444 4061 478 4107 ea
502 4061 520 4106 a
543 4041 630 4108 nobis
654 4043 708 4106 liat
730 4042 872 4108 omnibns
888 4042 987 4108 modis
1010 4041 1181 4121 1111111111,
1204 4061 1258 4108 nec
1282 4063 1388 4110 sumus
1410 4045 1506 4111 11111

257 4157 336 4243 quod
358 4157 446 4224 nobis
469 4161 575 4241 sponte
597 4158 629 4222 in
653 4161 787 4224 mentem
809 4157 996 4224 1111111111
1019 4157 1046 4223 11
1064 4157 1214 4224 admoniti
1235 4178 1254 4224 1
1276 4160 1387 4226 vestris
1410 4161 1504 4227 fueri-

257 4293 334 4352 mus,
358 4273 455 4339 ullum
484 4275 584 4340 locum
613 4273 839 4357 pretermissuri
868 4273 1006 4340 omnium
1035 4271 1203 4340 officiomm
1233 4293 1310 4359 quae
1332 4275 1371 4341 ab
1394 4294 1503 4342 eman·

255 4389 377 4454 tissime
393 4391 478 4471 patre
493 4392 524 4454 et
546 4391 704 4455 constante
722 4388 819 4454 emico
835 4388 985 4473 expectari
1006 4392 1135 4473 possunt
1158 4389 1244 4457 vobis
1259 4390 1505 4472 exhibendorum,

257 4510 350 4570 serre·
373 4504 489 4570 vestras
512 4505 544 4569 in
567 4505 697 4570 Domino
727 4505 884 4570 hortantes
914 4523 948 4569 ac
977 4505 1063 4571 enixe
1093 4507 1279 4590 requirentes
1302 4509 1337 4572 ut
1359 4507 1438 4572 hanc
1468 4508 1505 4575 de
