3346 5084
740 379 984 448 ..484-

233 573 360 658 rogitus,
383 576 415 641 61
429 575 610 642 documenta
624 575 735 659 prefati
750 575 902 661 quondum
917 577 1014 659 petris
1038 575 1099 640 mei
1114 574 1205 657 prout
1219 571 1339 638 constet
1353 591 1388 638 61
1404 571 1483 637 actis

233 689 261 756 d.
286 687 438 757 Gabriolis
462 691 557 757 Florii
579 691 654 759 civis
677 692 835 759 6111616111
855 689 1238 774 publicilicrcnuutensis.
1267 687 1338 753 ideo
1361 691 1393 752 in
1412 705 1484 769 pre-

233 806 399 873 missorum
421 807 512 874 fidem
542 807 593 874 hic
615 827 664 874 me
688 809 855 893 subscripsi
884 827 977 873 manu
1001 806 1131 890 proprio,
1162 804 1286 890 signum
1315 821 1486 886 nomenque

233 941 337 988 meum
360 925 538 990 consuetum
552 923 680 1008 apposui
702 924 866 1008 requisitus
882 923 921 988 nd
943 922 1126 990 instantiam
1141 919 1322 1007 magnificae
1344 915 1484 984 comuni-

232 1037 307 1103 tatis
329 1038 493 1105 Ravennae
516 1040 573 1106 sub
596 1039 644 1106 dic
668 1043 711 1109 23
733 1039 849 1106 mensis
871 1037 950 1106 Julii
975 1040 1068 1106 1586.

322 1153 420 1221 Iocus
441 1153 462 1236 †
485 1155 575 1240 signi.

566 1323 752 1398 Sapientes
775 1326 927 1385 civitatis
950 1325 1156 1384 Ravennae.

321 1431 482 1500 Universis
504 1435 536 1500 et
565 1433 697 1518 singulis
719 1435 874 1518 presentes
904 1432 1029 1499 lecturis
1051 1432 1143 1498 iidem
1166 1429 1296 1498 iacimus
1325 1430 1484 1496 indubiam

232 1549 263 1614 61
285 1548 468 1615 attestamur
490 1550 720 1633 retroscriptum
743 1570 771 1634 q.
795 1549 823 1615 d.
846 1550 998 1640 Jounnem
1013 1547 1210 1614 Franciscum
1225 1545 1428 1612 Benincssam
1446 1545 1484 1613 de

231 1663 426 1748 retroscripbo
448 1683 589 1748 processu
619 1666 761 1749 rogatum
784 1664 879 1731 fnisse
902 1665 1055 1731 noterium
1084 1663 1240 1748 publicum
1270 1660 1401 1746 legalem
1424 1660 1485 1728 lide

231 1779 361 1866 dignum
383 1781 415 1845 61
436 1779 667 1846 1661116616111111
690 1780 789 1847 diotae
812 1781 956 1861 civitatis,
979 1784 1010 1846 61
1032 1779 1186 1863 prefatum
1208 1777 1235 1844 d
1259 1775 1482 1844 1666666116-

232 1897 343 1962 cobum
364 1896 430 1962 eius
460 1896 559 1962 filium
583 1897 636 1980 qui
657 1897 748 1962 illum
778 1895 1000 1962 authenticavit
1028 1894 1124 1960 fuisse
1153 1896 1223 1960 ente
1246 1894 1312 1974 bec,
1343 1896 1374 1959 61
1404 1913 1485 1960 nunc

232 2031 298 2078 esse
321 2012 478 2095 publicum
499 2012 631 2097 legalem
654 2011 713 2077 fide
736 2012 864 2098 dignum
887 2014 918 2078 et
940 2010 1170 2077 matriculatum
1194 2009 1345 2074 notarium
1368 2009 1484 2092 pariter

231 2127 330 2193 (116166
358 2127 494 2194 civitatis
523 2128 677 2211 bonaeque
706 2126 890 2194 conditionis
923 2125 1089 2204 etiamne,
1120 2128 1151 2191 61
1173 2125 1238 2192 eius
1269 2125 1427 2209 scripturis
1450 2125 1484 2190 in

230 2241 385 2325 publicem
407 2242 538 2309 formem
552 2241 684 2308 redactis
706 2242 797 2308 fidem
822 2242 980 2309 indubiam
997 2241 1134 2307 adbiberi
1157 2240 1190 2307 in
1211 2239 1322 2306 iudicio
1337 2241 1369 2306 et
1390 2242 1483 2306 extra

232 2357 270 2424 In
293 2376 421 2442 qnorum
443 2357 536 2424 fidem
558 2359 614 2424 etc.

320 2473 435 2539 Datum
457 2474 619 2541 1161661166
641 2473 690 2540 die
716 2478 757 2542 13
779 2473 855 2540 Julii
884 2474 977 2541 1586.

319 2587 461 2670 locust
484 2589 589 2674 sigilli
721 2590 830 2655 Petrus
853 2588 988 2656 Joannes
1011 2587 1165 2654 Menenius
1188 2587 1393 2654 cancellarius.

321 2747 503 2835 Magnificus
526 2752 558 2816 et
586 2749 735 2817 excellens
765 2751 844 2816 dom.
868 2748 991 2816 Drudus
1020 2751 1121 2815 Racus
1143 2749 1211 2815 nob.
1241 2749 1485 2815 116166161611616

231 2865 254 2930 1.
271 2866 308 2932 U.
325 2866 362 2932 D.
378 2885 420 2931 or.
435 2865 475 2930 ad
489 2884 614 2949 presens
628 2867 825 2932 comunitetis
841 2867 1003 2931 1161611666
1020 2864 1119 2931 medio
1134 2864 1304 2931 iuramento
1320 2865 1411 2931 tactis
1425 2869 1483 2932 616

231 2999 341 3046 manns
363 2982 395 3047 61
409 2999 553 3064 personas
569 2982 768 3065 suprascripti
789 2981 907 3047 domini
920 2979 942 3046 J
943 2981 1050 3047 oannis
1065 2979 1173 3046 Jacobi
1188 2981 1357 3047 Benincesu
1371 2981 1485 3048 notarii

231 3095 259 3163 d.
287 3096 449 3180 potestatis
471 3098 633 3164 1161611166
662 3115 698 3162 sc
720 3097 748 3162 d
772 3097 856 3162 Petri
878 3096 1007 3162 Josnnis
1030 3095 1157 3161 11616611
1180 3096 1355 3162 cancellarii
1376 3115 1483 3163 comu-

231 3211 339 3277 nitetis
368 3211 538 3291 Ravennae,
561 3231 678 3278 necnon
700 3213 840 3296 sigillum
862 3212 1059 3279 comunitatis
1082 3211 1220 3294 superius
1242 3215 1427 3296 impressum
1449 3213 1484 3279 in

231 3327 330 3396 forma
344 3327 527 3413 recognovit
551 3328 579 3396 d.
594 3327 710 3412 loseph
733 3329 785 3394 Ilii
808 3327 946 3394 (laeseris
961 3326 1091 3412 Terponi
1113 3327 1150 3394 de
1169 3325 1358 3396 Saroferrabo
1382 3327 1484 3395 medio

230 3441 400 3510 iuramento
422 3443 581 3511 16616616.
604 3443 779 3528 recognovit
800 3445 836 3508 nt
861 3462 952 3528 supra
973 3443 1006 3510 in
1030 3443 1135 3510 lormu.

319 3603 496 3671 llrtructum
513 3604 550 3670 de
571 3603 716 3670 mundato
733 3625 755 3670 r.
775 3624 803 3689 p.
822 3603 850 3670 d.
866 3603 888 3670 J
889 3603 993 3670 offredi
1008 3603 1160 3671 Iomolini
1175 3623 1311 3671 camerae
1333 3606 1481 3688 spostoli-

230 3736 281 3784 cae
297 3718 449 3803 generalis
472 3717 676 3786 commissarii
699 3721 730 3785 61
745 3719 874 3786 archivii
895 3719 1030 3785 eiusdem
1053 3738 1189 3785 camerae
1210 3721 1336 3803 prefecti
1358 3741 1410 3804 per
1432 3741 1483 3788 me

230 3833 366 3920 Tydeum
391 3835 428 3900 de
452 3833 587 3901 Merchis
616 3833 752 3902 eiusdem
785 3855 921 3902 camerae
952 3835 1105 3902 notarium
1128 3835 1159 3900 61
1188 3834 1323 3901 ciusdem
1354 3836 1483 3902 archivii

230 3949 387 4017 custodem
409 3970 444 4015 61
460 3949 521 4016 elio
542 3951 615 4017 huic
638 3950 734 4018 simili
757 3953 911 4018 volumine
934 3952 968 4016 ut
989 3951 1179 4034 premittitur
1196 3952 1360 4035 publicato,
1383 3954 1414 4018 61
1429 3972 1483 4036 per

230 4064 419 4148 supradictos
435 4066 530 4132 166166
553 4085 606 4150 per
621 4085 670 4132 me
694 4066 730 4134 de
754 4067 851 4132 simili
866 4065 1009 4132 mandato
1033 4069 1167 4150 receptos
1183 4068 1337 4152 recognito
1359 4070 1391 4135 61
1406 4087 1480 4135 eon·

230 4177 353 4247 cordato
375 4180 455 4265 quod
471 4181 599 4248 61166161
617 4201 674 4266 ego
697 4182 779 4248 idem
794 4181 931 4248 noterius
954 4185 984 4246 ct
1006 4183 1189 4261 metoecis,
1212 4184 1243 4248 61
1264 4183 1297 4248 111
1320 4183 1411 4249 fidem
1430 4183 1483 4250 bic

230 4293 339 4379 scripsi
362 4296 393 4361 61
417 4296 592 4380 subscripsi.
799 4297 920 4382 Tydeus
942 4297 979 4363 do
1002 4296 1146 4375 biarchis,

469 4431 605 4478 camerae
628 4412 811 4496 apostelicae
833 4411 969 4479 noterius
992 4413 1023 4478 61
1045 4413 1147 4478 custos
1170 4449 1213 4459 -—
1236 4431 1330 4479 maun
1351 4413 1483 4499 propria
