3396 5090
796 365 1036 436 ..203-

376 559 455 626 Duci
477 559 702 646 lotharingiae.
746 560 802 627 Ait
824 581 857 628 se
878 561 928 627 illi
949 561 1074 647 obsequi
1096 581 1156 629 non
1171 581 1261 647 posse
1282 563 1399 648 petenti
1420 567 1456 631 nt
1470 583 1541 632 cum

287 675 420 744 Antonio
442 675 479 745 de
494 675 633 742 Murcbia
655 676 846 762 dispensaret
860 680 1009 763 quatenus
1032 678 1069 759 is,
1092 678 1269 746 diaconatus
1285 679 1390 747 ordine
1405 679 1539 766 insigni-

286 793 346 872 tus,
368 791 408 858 ad
429 793 577 859 laicorum
591 792 689 860 ritum
703 793 904 860 reverteretur
917 812 953 860 ac
975 811 1098 860 uxorem
1113 793 1220 861 ducere
1242 795 1365 862 valeret.
1390 795 1460 863 nit
1474 796 1539 862 De·

286 906 417 975 cambris
439 908 557 975 mdxxr.

374 1140 524 1207 Isabellue
546 1139 633 1206 uxori
654 1137 755 1209 Caroli
771 1141 807 1208 V.
853 1139 1034 1209 Gratulatur
1055 1141 1104 1208 illi
1126 1141 1260 1227 pontifex
1283 1143 1320 1210 de
1343 1143 1540 1210 matrimonio

284 1233 356 1322 c'um
378 1253 514 1336 Caesare,
536 1257 660 1341 eiusque
682 1255 783 1324 officia
805 1256 948 1324 declarat
992 1259 1093 1325 xxviii.
1116 1257 1293 1324 Decembris
1316 1257 1434 1325 mdrxv.

375 1371 456 1438 Huic
478 1371 625 1457 epistotae
647 1371 733 1439 deest
754 1371 887 1440 initium.

372 1604 452 1689 Regi
474 1603 689 1690 Portugalliae.
735 1602 916 1672 Gratulatur
930 1605 979 1672 illi
1000 1604 1038 1671 de
1060 1604 1125 1673 eius
1140 1624 1210 1673 cam
1227 1602 1354 1674 Caesme
1378 1605 1539 1674 affinitate

284 1718 385 1788 xxviii
408 1721 587 1788 Decembris
610 1720 729 1788 mdrxr.

372 1951 476 2019 Marco
498 1949 645 2019 Dandolo.
691 1951 841 2020 Hortatur
861 1971 932 2019 enm
953 1951 1088 2038 pontifex
1111 1955 1146 2018 ut
1162 1951 1223 2019 sibi
1245 1953 1285 2018 ad
1307 1953 1428 2036 tempus
1450 1971 1538 2019 com-

284 2067 387 2135 modet
409 2068 551 2134 volumen
573 2067 724 2154 quoddam
747 2087 899 2154 graecum,
922 2068 1002 2153 quod
1024 2069 1078 2135 ille
1101 2067 1242 2146 habebat
1265 2067 1298 2135 iu
1318 2069 1467 2154 psalmos.
1490 2105 1538 2117 —

284 2183 360 2250 xxix.
382 2181 561 2250 Decembris
583 2183 703 2251 mdxxr.

370 2414 520 2482 Dominae
541 2413 769 2501 Dngolismensi
793 2415 900 2502 (matri
913 2415 996 2501 regis
1011 2412 1284 2502 christianissimi).
1316 2413 1435 2481 Laudat
1456 2433 1537 2501 pon·

281 2529 355 2597 tifex
384 2530 450 2598 eius
479 2530 626 2616 pietatem
648 2549 684 2597 ac
712 2528 921 2616 prudentiam,
950 2529 1031 2615 quod
1053 2529 1202 2615 quasdam
1231 2529 1403 2615 pontificias
1433 2530 1537 2598 bullas

279 2645 429 2731 publicari
443 2645 569 2714 iusserit
583 2665 619 2713 ac
633 2647 821 2714 haereticum
833 2645 1073 2733 praedicatorem
1088 2645 1231 2730 Lugduni
1248 2645 1316 2730 capi
1330 2645 1536 2732 custodirique

280 2760 479 2828 mandaverit.
524 2762 601 2829 xxix.
625 2762 803 2829 Decembris
825 2762 945 2829 mdnr.

874 3023 946 3090 160.

652 3187 832 3248 cardinali
856 3187 1157 3262 saltzeburgensr.

367 3340 486 3410 Dilecta
508 3341 554 3407 fili
569 3344 679 3408 noster.
712 3340 789 3408 Cum
812 3341 942 3408 dilectus
965 3341 1048 3408 filius
1062 3341 1244 3408 Laurentius
1260 3343 1315 3408 etc.
1348 3339 1530 3426 Campegius

277 3457 398 3543 legatus
421 3509 428 3524 .
452 3509 459 3523 .
484 3509 490 3522 .
514 3457 675 3524 contulerit
694 3477 725 3523 se
748 3457 781 3523 in
798 3457 988 3544 Hungeriam
1011 3457 1158 3524 nonnulla
1180 3456 1279 3522 ineis
1302 3455 1476 3541 regionibus
1491 3453 1531 3522 ad

278 3571 463 3639 christianae
486 3573 667 3658 reipublicae
684 3573 815 3639 salutem
838 3573 973 3639 multum
988 3573 1172 3656 pertinentia
1194 3574 1297 3638 nostro
1313 3573 1435 3639 nomine
1457 3590 1530 3656 pro-

277 3687 399 3756 risurus
421 3690 453 3756 et
475 3689 643 3767 curaturus,
665 3689 745 3756 inter
767 3690 866 3756 cetera
887 3707 1011 3754 causam
1033 3687 1122 3754 illam
1144 3689 1175 3755 et
1196 3687 1432 3755 controuersiam
1454 3705 1530 3771 quae

277 3804 393 3871 iamdiu
415 3803 497 3872 inter
519 3822 641 3871 curruum
664 3804 698 3870 in
713 3803 834 3870 Christo
857 3803 956 3869 filium
972 3805 1111 3869 nostrum
1130 3801 1364 3888 Sigismundum
1384 3801 1529 3869 Potoniue

276 3939 382 4006 regern
405 3921 438 3988 et
458 3920 605 3987 dilectum
627 3920 727 3988 filium
744 3921 906 3986 elbertum
929 3918 1045 3984 ordinis
1069 3917 1099 3984 S.
1117 3917 1157 3985 M.
1174 3937 1321 4003 magnum
1344 3916 1528 4002 magistrum

278 4035 420 4103 Prussiae
435 4037 556 4103 versuta
571 4038 619 4103 est
633 4055 694 4104 non
708 4036 795 4121 parvi
817 4034 971 4113 facientes,
987 4052 1165 4119 cuperemus
1178 4052 1247 4100 eam
1263 4031 1425 4119 aliquando
1439 4050 1529 4118 posse

278 4149 386 4232 sedari,
409 4155 476 4218 tum
499 4153 569 4238 quia
583 4173 638 4238 per
660 4171 693 4218 se
714 4151 818 4237 grauis
841 4153 872 4217 et
885 4149 1056 4235 periculosa
1078 4153 1134 4231 est
1156 4151 1224 4217 tum
1239 4149 1310 4235 quie
1333 4149 1382 4214 his
1405 4148 1528 4214 afflictis

277 4269 309 4334 et
337 4267 525 4334 calamitosis
555 4267 742 4352 temporibus
772 4265 922 4334 maiorum
952 4283 1069 4350 quoque
1098 4266 1236 4332 motuum
1267 4267 1299 4332 et
1326 4265 1527 4350 periculorum

276 4401 400 4450 cenem
415 4386 519 4469 posset
533 4384 690 4468 praebere
705 4384 737 4450 et
751 4381 894 4468 quoniam
909 4382 941 4447 te
955 4379 1034 4446 inea
1048 4381 1197 4447 arbitrum
1213 4383 1244 4448 et
1259 4381 1389 4474 iudicem
1397 4381 1527 4448 electum

276 4515 424 4566 ocumnsu
446 4499 606 4567 ambarum
620 4497 756 4585 partium
770 4497 920 4578 norimus,
942 4493 1161 4564 mudderemus
1184 4500 1238 4564 tua
1251 4496 1413 4583 prudentia
1435 4497 1525 4580 atque
