3400 5088
721 357 965 422 -101-

215 543 299 618 mine
322 551 527 617 adhortamur.
573 551 689 616 Datum
712 552 827 616 Romae
856 551 911 617 etc.
942 549 990 616 die
1013 550 1056 615 iii.
1079 549 1184 614 Martii
1213 547 1331 613 mdma
1377 547 1465 613 Anno

214 667 351 734 secundo.
359 665 384 751 1)

779 782 902 871 (Foris).

523 899 641 966 mdmv.
688 899 778 966 Anno
801 899 939 966 seeundo.
985 897 1090 963 Martii
1113 897 1155 963 iii.

279 1015 391 1101 Anglie
414 1015 480 1100 regi
501 1035 556 1100 pro
579 1014 726 1101 Gregorio
750 1015 853 1082 Casali
875 1015 976 1100 equite
999 1014 1143 1080 redeunte
1166 1013 1205 1079 ad
1227 1013 1395 1078 Caesarem,

811 1331 861 1396 70.

729 1497 941 1568 Viceregi.

298 1652 417 1718 Dilecta
439 1651 493 1718 tili.
539 1651 689 1718 Redeunti
718 1649 757 1716 ad
780 1650 974 1715 carissimum
996 1649 1029 1714 in
1052 1647 1173 1713 Christo
1199 1647 1300 1711 filium
1322 1645 1461 1710 ncstmm

213 1767 379 1835 Henricum
401 1767 532 1852 Angliae
555 1787 659 1852 regern
681 1766 753 1832 fidei
775 1767 963 1832 defensorem
986 1765 1096 1830 dilecto
1118 1763 1183 1830 titio
1198 1761 1344 1846 Gregorio
1366 1760 1462 1844 equiti

208 1881 327 1950 Oasalio
357 1904 392 1950 ae
420 1883 480 1950 iter
509 1885 588 1950 istac
609 1884 734 1949 facienti
763 1883 957 1949 adiunximus
987 1901 1052 1947 ven.
1083 1880 1209 1946 tratrem
1239 1878 1460 1962 Hieronymum

207 1999 381 2084 episcopum
396 1999 644 2084 wigorniensem
665 2000 817 2083 prelatum
832 1999 971 2065 nostrum
986 1997 1187 2063 domesticum
1209 1996 1263 2081 qui
1277 1995 1316 2061 ad
1330 1994 1459 2060 eundem

206 2135 309 2200 regem
332 2115 460 2181 tendens
475 2117 580 2182 nostra
594 2115 679 2199 prius
702 2118 803 2181 tecum
818 2114 1054 2180 communicaret
1070 2113 1205 2192 consilia,
1229 2114 1367 2196 tactaque
1384 2131 1458 2196 gra·

206 2230 354 2298 tutatione
376 2233 442 2296 tam
457 2232 591 2317 insignis
606 2231 750 2298 victoriae
773 2251 865 2317 quam
881 2230 1032 2297 Dominus
1056 2231 1247 2314 omnipotens
1263 2230 1457 2296 serenissimo

206 2345 328 2413 Caesari
349 2351 381 2414 et
402 2348 490 2414 vohis
505 2347 632 2414 ducibus
655 2349 752 2433 ipsius
772 2347 811 2413 ad
827 2347 1041 2413 extinctionem
1056 2347 1215 2426 bellorum,
1238 2348 1273 2411 nt
1291 2365 1458 2430 speramus,

205 2463 343 2530 omnium
364 2465 396 2530 et
418 2464 549 2532 salutem
566 2463 801 2530 christianitatis
816 2463 974 2542 concessit
988 2449 1059 2528 'alia
1074 2461 1182 2528 deinde
1197 2464 1358 2546 exponeret
1380 2481 1456 2546 quae

203 2597 258 2644 nos
281 2580 362 2645 certo
384 2579 569 2646 arbitramur
590 2581 774 2646 christianae
789 2580 971 2664 reipublicae
988 2581 1020 2644 et
1041 2579 1102 2662 ipsi
1124 2575 1247 2644 Caesari
1269 2577 1308 2643 ad
1331 2578 1453 2644 stabili·

203 2695 299 2760 tatem
313 2695 414 2760 laudis
437 2698 468 2761 et
483 2695 620 2762 omnium
643 2697 752 2762 salutm
768 2715 834 2762 esse
856 2696 1034 2762 necessaria.
1079 2693 1246 2760 Hortamur
1261 2695 1454 2761 nobilitatem

203 2810 288 2875 tuam
311 2811 343 2876 in
370 2811 502 2878 Domino
525 2814 561 2878 ut
582 2812 731 2878 ambobus
761 2813 838 2897 ipsis
860 2815 926 2878 tam
956 2810 1051 2896 equiti
1074 2808 1193 2877 Casulio
1223 2831 1315 2895 quam
1337 2813 1453 2897 pretato

202 2925 341 3011 episcopo
370 2927 404 2994 in
425 2927 465 2993 iis
495 2948 552 3012 qne
582 2929 697 2995 nostris
720 2929 821 2994 verbis
851 2929 910 2994 tihi
939 2925 1181 3011 significaverint
1208 2927 1302 2994 tidem
1330 2947 1452 2994 emnem

201 3040 312 3108 habere
334 3062 369 3108 ac
391 3044 526 3109 mentem
551 3063 696 3128 auresque
719 3044 869 3130 benignas
892 3046 923 3110 et
945 3043 1051 3108 faciles
1074 3043 1218 3109 adhibere
1241 3044 1326 3110 velis.
1365 3042 1452 3124 Quod

201 3157 293 3224 facies
322 3159 410 3224 nobis
441 3177 631 3242 summopere
659 3163 792 3245 gratum
837 3159 953 3224 Datum
975 3158 1091 3224 Romae
1119 3161 1175 3226 etc.
1208 3159 1257 3226 die
1279 3159 1322 3225 iii.
1346 3159 1452 3226 Martii

201 3271 319 3341 mdmv.
364 3275 452 3341 Anno
477 3275 614 3342 secunde.

606 3389 713 3459 Simile
735 3391 864 3458 mutatis
887 3387 1061 3455 mutandis:

646 3507 762 3574 Infanti

646 3623 816 3691 Marchioni
838 3622 991 3690 Piscariae

647 3740 726 3806 Duci
747 3740 893 3806 Borbonii

646 3856 725 3922 Duoi
747 3855 920 3922 Mediolani

288 4121 307 4189 ¹)
326 4127 353 4172 ln
371 4126 417 4173 atie
435 4126 561 4186 exemplari
579 4125 648 4175 huius
666 4127 787 4187 aprione,
806 4126 846 4174 ubi
864 4126 971 4174 notatm:
1003 4125 1082 4174 Simile
1101 4140 1143 4187 pro
1162 4129 1270 4188 episcope
1289 4129 1445 4186 wigorniensi

196 4221 234 4270 his
252 4223 369 4272 adinnofia
386 4239 423 4270 =
440 4236 487 4273 non
505 4225 615 4281 locuntur
633 4225 703 4274 rerba
720 4241 755 4272 =
774 4219 821 4273 aad
837 4219 907 4272 sum
924 4221 1056 4287 φὺοῳιω
1067 4228 1158 4287 poseo
1175 4239 1227 4274 nora
1244 4223 1291 4275 ou
1307 4244 1343 4273 =
1361 4230 1386 4276 et
1398 4230 1445 4278 illis

195 4321 272 4368 verbis
291 4323 330 4370 ubi
348 4323 434 4370 dicitnr
451 4337 486 4369 =
505 4323 542 4370 cut
561 4325 586 4370 et
604 4323 693 4372 dnobus
711 4323 765 4370 aliia
783 4323 875 4370 nunciis
894 4324 982 4372 nostris
1001 4323 1086 4371 ibidem
1104 4324 1150 4373 etc.
1164 4339 1199 4370 =
1212 4325 1289 4374 delata
1306 4328 1363 4374 sunt
1375 4327 1445 4375 rerba

195 4433 231 4464 =
249 4413 350 4468 mou·
366 4416 429 4468 attia
447 4423 472 4470 et
489 4419 535 4469 hoc
552 4421 644 4469 videtur
663 4421 692 4468 ab
716 4420 768 4480 ipso
794 4415 918 4469 &dotato
942 4421 1029 4469 factm
1048 4433 1102 4469 nam
1125 4422 1169 4470 snb
1187 4423 1329 4472 correctione
1350 4423 1392 4472 ina
1413 4425 1444 4474 at·

193 4519 280 4574 unitur
296 4512 361 4567 θοὰ
