3396 5090
763 363 1009 430 -180-

254 555 369 624 nostris
391 557 493 623 verbis
515 557 667 640 copiosius
691 558 792 642 agent,
816 557 927 642 quibus
949 557 984 624 tu
1007 556 1100 624 fidem
1123 556 1259 624 babebis.
1304 556 1421 623 Datum
1442 556 1508 622 Bo-

254 691 323 739 maa
346 673 402 739 etc.
426 672 489 739 xiii
512 671 697 740 Novembris
719 673 838 740 mdrxv.
883 673 973 741 Anno
997 673 1135 742 secundo.

849 908 921 975 137.

291 1070 514 1133 charissimo
537 1073 574 1131 tn
597 1069 742 1132 Christo
764 1072 838 1132 ttlto
860 1076 988 1133 nostro
1011 1071 1143 1134 carolo
1166 1073 1418 1134 Romanorum
1439 1075 1475 1132 et

457 1187 719 1262 Hispaniarum
741 1190 816 1261 regi
839 1191 876 1248 tn
898 1191 1158 1262 imperatorem
1181 1190 1306 1250 electo.

413 1339 602 1408 Obarissime
623 1342 657 1408 in
679 1339 796 1408 Christi
817 1341 864 1409 fiii
885 1343 990 1410 noster
1013 1343 1158 1410 salutm!

340 1481 418 1550 (ium
440 1483 573 1550 sciamus
595 1481 791 1551 Maiestatem
819 1485 908 1551 tuum
929 1485 1052 1568 prepter
1081 1484 1288 1552 celsissimum
1316 1482 1447 1570 gradum
1468 1483 1503 1551 in

250 1619 310 1685 quc
333 1619 351 1665 s
373 1601 438 1668 Deo
460 1600 508 1666 est
530 1599 678 1666 collocata
698 1601 879 1686 propterque
901 1601 998 1666 iiim0
1021 1601 1158 1668 familiae
1181 1601 1254 1668 tuae
1268 1600 1506 1687 amplitudinem

249 1715 370 1801 quando
392 1734 515 1782 uxorem
537 1714 644 1782 ducere
672 1716 811 1796 voluerit
840 1717 927 1782 curius
948 1715 994 1782 rei
1015 1716 1080 1782 iam
1100 1718 1222 1803 tempus
1245 1717 1352 1785 adosse
1373 1717 1502 1798 videtur,

250 1853 313 1900 non
333 1833 449 1899 multas
471 1832 559 1898 tanto
581 1831 722 1915 coniugio
745 1831 855 1916 dignas
874 1831 1076 1911 inventuram,
1099 1849 1227 1916 cumque
1249 1851 1286 1898 er
1303 1852 1339 1900 eo
1353 1833 1421 1918 ipso
1443 1852 1503 1899 nu·

249 1968 332 2016 mero
354 1948 422 2014 fieri
442 1947 550 2032 possit,
574 1947 608 2012 ut
629 1947 685 2012 illa
706 1965 799 2031 quam
821 1949 856 2012 tu
872 1947 1021 2033 delegeris
1044 1949 1146 2014 tecum
1161 1948 1427 2034 consanguinitate
1447 1967 1502 2014 seu

248 2065 399 2131 affinitate
413 2064 573 2131 coniuncta
588 2063 638 2141 sit,
653 2061 734 2147 quod
748 2057 995 2130 illustrissimum
1010 2082 1107 2148 genus
1116 2064 1205 2130 tuum
1219 2064 1372 2131 latissime
1386 2064 1501 2148 pateat,

248 2181 280 2247 et
302 2200 408 2247 omnes
430 2180 492 2245 fere
506 2178 657 2262 principes
673 2179 776 2263 aliqua
798 2179 978 2263 cognatione
1000 2179 1192 2264 complexum
1208 2179 1258 2260 sit,
1281 2199 1319 2246 ne
1335 2180 1413 2248 forte
1427 2181 1503 2247 hacc

248 2314 297 2362 res
325 2294 504 2378 tempium
525 2296 592 2361 tarn
621 2294 753 2360 salutare
781 2295 958 2360 christianis
986 2295 1129 2362 omnibus
1159 2295 1323 2364 consilium
1344 2295 1501 2381 impediet,

248 2414 335 2479 motu
356 2412 486 2496 proprio,
509 2411 541 2477 et
563 2430 598 2476 er
620 2412 703 2476 certa
725 2411 831 2478 nostra
862 2411 989 2478 scientia
1011 2429 1046 2477 ac
1069 2410 1107 2477 de
1129 2411 1314 2496 apostolicae
1335 2412 1501 2498 potestatis

247 2527 437 2612 plenitudine
458 2529 569 2608 tecum,
599 2527 635 2592 ut
656 2545 833 2612 quecunque
855 2527 1132 2612 consanguinitatis
1162 2545 1197 2593 ac
1219 2527 1315 2594 etiam
1337 2527 1500 2595 affinitatis

248 2642 355 2728 gradu,
378 2642 500 2726 excepto
523 2643 628 2708 tamen
651 2642 759 2726 primo,
782 2642 1017 2710 matrimonium
1038 2642 1142 2722 libere,
1165 2643 1197 2708 et
1218 2643 1303 2710 licite
1325 2645 1503 2712 contrahere

247 2759 347 2843 pessis
370 2759 464 2826 etiam
488 2759 515 2824 si
537 2759 649 2844 pluries
674 2759 717 2824 sis
740 2759 773 2824 in
796 2759 887 2825 dictis
909 2758 1056 2843 gradibus
1079 2778 1151 2826 cum
1173 2759 1230 2824 illa
1252 2779 1322 2826 cum
1344 2779 1405 2845 qus
1427 2779 1501 2826 con·

248 2875 384 2954 traxeris,
414 2875 602 2954 coniunctus,
633 2894 686 2942 seu
708 2874 803 2940 etiam
825 2874 859 2940 in
881 2893 940 2941 uno
970 2893 1087 2959 quoque
1118 2873 1270 2959 graduum
1299 2875 1504 2963 predictorum

247 2991 361 3074 pluries
376 2990 579 3075 coniungens,
602 2991 706 3057 tencre
721 2991 907 3074 presentium
923 2990 961 3056 dc
977 2990 1118 3074 specialis
1141 2989 1220 3057 dono
1243 2991 1360 3076 gratiae
1375 2991 1502 3075 dispen-

249 3125 364 3186 samus,
395 3107 679 3174 nonobstantibus
708 3107 866 3191 quibusvis
896 3106 1167 3173 constitutionibus
1197 3107 1228 3172 et
1257 3107 1501 3175 ordinationibus

248 3221 440 3306 apostolicis,
469 3222 635 3307 ceterisque
665 3221 826 3288 corberiis
855 3222 1091 3307 quibuscunque.
1164 3223 1281 3288 Datum
1309 3223 1425 3290 Romae
1453 3221 1504 3290 die

250 3337 313 3403 riii
337 3337 521 3404 Novembris
544 3337 664 3404 mdrxv.
709 3337 799 3405 Anno
822 3337 961 3404 secundo.

341 3569 543 3656 (Subsmiptio
561 3570 751 3653 eminetis).
797 3571 830 3636 L.
855 3568 1027 3636 Cardinalis
1052 3567 1149 3637 Sarum
1174 3573 1244 3638 45⁰¹
1268 3570 1352 3654 Papa
1376 3569 1503 3637 mandat

250 3684 329 3769 quod
352 3685 385 3750 in
407 3684 577 3751 continenti
600 3685 750 3751 scribatur
771 3685 803 3751 et
824 3684 1008 3769 expediabu.

953 3801 986 3868 L.
1011 3798 1186 3868 Oardinalie
1204 3837 1249 3850 -
1270 3799 1320 3869 Ja
1342 3799 1412 3869 Sad.

842 4051 914 4119 138.

651 4211 831 4277 Cardinalt
855 4217 1099 4280 deserviatis.

338 4369 457 4435 Dilecte
489 4368 535 4434 fili
564 4370 674 4436 noster.
720 4371 765 4436 Ex
793 4371 907 4439 litteris
935 4372 999 4437 tuis
1022 4373 1053 4438 et
1075 4372 1120 4439 eis
1150 4392 1225 4457 quas
1256 4390 1364 4442 serani·
1391 4373 1502 4442 anstu

249 4503 342 4550 manu
365 4504 420 4550 sna
444 4485 573 4569 scriptus
597 4485 685 4552 nobis
707 4487 803 4568 misit,
826 4487 1018 4572 concepimus
1042 4507 1127 4573 spem
1150 4507 1212 4556 non
1234 4489 1416 4557 mediocrem
1438 4491 1503 4558 iore
