3380 5088
782 315 1026 397 mmm

275 517 432 592 sanctitati
454 517 492 590 ob
522 518 763 609 assumptionem
787 543 875 591 suam
897 521 936 591 ad
959 525 1093 611 supremi
1122 521 1317 612 pontificatus
1340 520 1525 614 dignitatern

273 643 306 708 et
328 659 484 719 coronam;
507 658 583 724 quae
597 639 631 704 in
654 640 762 706 ceteris
777 639 922 725 replicare
944 660 1005 707 non
1027 645 1075 708 ost
1097 661 1181 726 opus,
1204 643 1266 710 nisi
1280 642 1360 727 quod
1382 663 1437 710 nos
1452 645 1524 711 uni·

274 777 377 824 versos
395 759 495 824 vestre
519 756 677 824 sanctitati
691 757 959 840 quamtumillime
982 757 1128 842 tanquam
1152 757 1342 825 devotissimi
1365 760 1425 826 sibi
1447 762 1523 826 sub·

272 873 344 940 iecti
366 873 622 941 commendamus.
668 871 759 938 Nunc
781 873 885 939 autem
906 873 978 956 quia
1001 893 1061 940 non
1084 873 1262 958 ignoramus
1285 875 1479 942 sanctitatem
1497 896 1522 942 v.

272 989 439 1074 plurimum
454 989 596 1054 dilexisse
611 989 655 1055 ill
671 986 699 1054 d.
715 987 859 1054 comitem
875 987 1061 1055 Ludovioum
1077 990 1277 1057 Bomomeum
1298 989 1523 1058 confederatum

270 1106 410 1171 nostrum
432 1105 680 1189 porcarissimum
708 1103 758 1170 cui
780 1105 878 1170 multa
901 1124 955 1190 per
976 1123 1032 1171 nos
1054 1105 1157 1172 deberi
1178 1106 1363 1190 profitemur,
1393 1106 1520 1173 conlidi·

271 1239 400 1306 musque
421 1239 491 1287 cum
506 1220 545 1286 ob
568 1219 625 1286 boc
639 1220 707 1285 turn
722 1239 757 1286 ex
772 1218 832 1286 fide
847 1239 940 1303 quam
954 1221 1157 1305 intsggerime
1179 1222 1336 1302 habemns,
1352 1222 1432 1306 quod
1455 1241 1478 1287 s.
1494 1241 1521 1288 v.

270 1335 449 1421 dignabitur
478 1335 567 1402 nobis
590 1337 622 1402 et
652 1335 925 1419 supplicationibus
954 1337 1068 1402 nostris
1097 1337 1231 1421 gratiam
1261 1355 1348 1403 snam
1370 1337 1524 1422 impartiri

269 1454 301 1518 et
322 1451 406 1519 omni
428 1452 546 1518 nationi
575 1450 740 1529 ostendere,
773 1450 854 1534 qnod
876 1469 894 1516 a
918 1470 940 1516 s.
964 1471 991 1518 v.
1016 1470 1070 1518 nos
1092 1470 1154 1519 non
1177 1451 1272 1536 spreti
1293 1470 1354 1519 non
1376 1452 1522 1519 oblivioni

268 1567 375 1634 traditi
397 1587 517 1646 sumus,
548 1565 602 1632 sed
623 1565 787 1650 precordiis
810 1565 874 1631 suis
903 1585 957 1650 pro
980 1567 1060 1634 voris
1082 1567 1161 1634 carie
1184 1571 1215 1633 et
1244 1567 1385 1634 fidelibus
1408 1569 1520 1634 nedum

268 1685 364 1750 servis
387 1683 441 1750 sed
455 1682 563 1750 amicis
579 1685 610 1748 et
633 1681 708 1747 filiis
723 1682 762 1747 ab
785 1681 892 1747 eadem
915 1682 1077 1750 sanctitate
1092 1685 1195 1750 vestra
1217 1682 1430 1764 recomendati,
1452 1684 1520 1750 ideo

267 1799 305 1865 ad
328 1798 546 1884 omnipotentis
569 1797 628 1864 Dei
650 1796 773 1863 laudern
796 1798 827 1862 et
849 1797 980 1882 gloriam
1004 1799 1237 1884 sanctitatisque
1259 1800 1360 1866 vestre
1381 1798 1519 1865 decorem

267 1916 298 1981 et
315 1916 455 1982 universe
476 1914 540 1999 ligo
554 1915 656 1980 nostre
678 1912 824 1980 bonorem
847 1915 879 1978 et
894 1914 1155 1981 comendationem
1172 1915 1323 2000 supplicos
1345 1915 1519 1981 humillime

265 2049 424 2099 exoramus
439 2031 471 2096 et
486 2030 681 2114 deprecamur
702 2028 830 2120 eandem
847 2029 1042 2095 sanctitatem
1057 2032 1192 2097 vestram
1207 2032 1243 2096 ut
1257 2029 1400 2116 dignetur
1422 2031 1519 2096 nostri

265 2149 296 2213 et
319 2147 458 2214 universe
480 2145 614 2211 nationis
632 2144 820 2210 Elvotiornm
843 2161 945 2210 amora
967 2145 999 2210 et
1012 2145 1127 2212 intuitu
1150 2149 1266 2212 rcv.dala
1281 2144 1422 2211 Carolum
1437 2147 1517 2212 Bor·

265 2279 402 2328 romaum
425 2260 626 2345 apostolicum
655 2259 919 2344 prothonotarium
941 2259 1041 2325 filium
1064 2260 1193 2344 predicti
1214 2262 1336 2328 comitis
1364 2281 1464 2328 creare
1486 2266 1519 2328 et

265 2378 380 2462 erigere
403 2395 513 2443 sacros.
529 2377 665 2442 Romane
688 2375 813 2441 ecclesie
828 2375 1029 2454 cardinalem
1052 2377 1170 2460 sibique
1185 2376 1222 2444 de
1237 2378 1391 2461 aliquibus
1406 2379 1516 2444 conde·

265 2494 403 2560 centibus
427 2491 578 2559 benefitiis
600 2491 771 2575 providere3
795 2493 826 2556 et
840 2491 874 2558 in
896 2492 954 2556 hac
969 2493 1074 2558 nostra
1096 2493 1295 2559 universitate
1311 2493 1426 2560 dictam
1441 2512 1515 2560 con·

265 2609 442 2689 cessionem,
472 2607 700 2693 expeditionem,
733 2609 764 2673 et
792 2606 926 2692 gratiam
957 2607 1036 2674 sicut
1058 2609 1200 2691 optamus
1227 2609 1394 2688 destinare;
1424 2613 1459 2676 ut
1480 2629 1515 2676 co

264 2726 388 2794 domino
410 2723 516 2791 Carolo
539 2723 577 2789 ed
600 2741 656 2790 nos
679 2723 832 2802 accersito,
860 2722 961 2790 Deum
990 2723 1152 2790 laudantes
1173 2724 1205 2790 et
1228 2727 1327 2791 vestre
1358 2725 1516 2791 sanctitati

265 2843 381 2926 gratias
414 2841 586 2920 referentes,
615 2839 690 2905 dicti
714 2837 924 2904 cardinalatus
954 2839 1135 2906 erectionem
1158 2841 1279 2906 nosmet
1299 2840 1361 2924 ipsi
1388 2841 1514 2907 sollem-

265 2959 415 3035 niremus3
438 2959 470 3024 et
484 2957 586 3041 ipsum
607 2955 767 3022 dominum
782 2953 926 3019 Carolum
941 2953 1136 3038 postmodum
1152 2955 1191 3021 ad
1205 2958 1400 3041 conspectum
1415 2959 1515 3023 vestre

265 3072 439 3140 sanctitatis
468 3071 664 3138 concomitari
693 3071 855 3151 faciemus,
885 3072 920 3136 ut
949 3071 1150 3137 reverentiam
1174 3091 1264 3156 seque
1293 3074 1392 3139 totum
1416 3075 1515 3138 vestre

265 3189 423 3257 sanctitati
445 3191 476 3254 et
498 3188 531 3253 in
553 3187 619 3253 eius
642 3207 784 3271 suprema
813 3188 964 3272 potestate
986 3187 1145 3253 nobiscum
1168 3188 1316 3268 exhibeat
1345 3188 1426 3271 qnod
1448 3187 1515 3254 ideo

264 3307 365 3390 magis
380 3307 413 3370 ct
426 3303 579 3370 efficacius
593 3303 630 3369 de
645 3303 746 3388 gratia
762 3303 887 3388 speciali
901 3303 1001 3369 vestre
1017 3302 1175 3368 sanctitati
1190 3303 1396 3388 supplicamns
1419 3323 1513 3388 quum

264 3441 386 3488 omnem
408 3421 544 3505 ipsorum
572 3419 670 3503 patris
693 3421 724 3485 et
746 3419 804 3484 dlii
825 3419 956 3504 gradum
979 3421 1010 3484 et
1038 3419 1218 3505 qualitatem
1248 3423 1350 3488 nostre
1379 3419 1514 3486 nationis

264 3537 418 3623 propriam
446 3537 478 3602 et
499 3535 533 3602 in
555 3535 696 3601 universo
719 3535 751 3600 ot
773 3534 806 3600 in
827 3535 1006 3618 particulari
1027 3537 1209 3619 reputemus
1254 3536 1295 3601 bt
1316 3534 1424 3602 exinde
1446 3555 1469 3602 s.
1485 3555 1513 3602 v.

264 3673 319 3720 nos
341 3653 375 3718 in
396 3652 514 3717 cunctis
536 3650 776 3735 inspectionibus
798 3653 830 3716 ct
851 3651 1007 3735 optatibus
1030 3653 1095 3716 suis
1110 3651 1285 3718 obnoxiores
1308 3651 1442 3732 habebit,
1464 3652 1514 3717 cui

264 3789 319 3838 nos
342 3767 493 3853 supplices
515 3767 689 3832 humillime
710 3766 822 3832 iterum
845 3769 936 3851 atque
961 3767 1072 3832 iterum
1094 3767 1290 3834 concedemus
1311 3767 1410 3835 eidem
1426 3769 1512 3854 quic·

263 3886 336 3972 quid
359 3887 407 3952 est
428 3884 540 3951 virium
562 3885 736 3949 nostrarum
758 3882 925 3949 offerentes.
971 3883 1087 3949 Datum
1109 3883 1142 3951 in
1157 3883 1322 3950 universali
1344 3884 1426 3950 dieta
1447 3886 1510 3951 Lu·

263 4021 350 4070 cerne
372 4000 523 4068 celebrata
544 3999 595 4065 dio
615 3999 815 4065 instruaris.
860 4000 950 4065 Anno
965 3999 1087 4066 mdxxiv
1109 4018 1178 4064 cum
1194 3999 1297 4085 sigillo
1320 4001 1511 4068 dominorum

262 4118 498 4187 Lucemensium
521 4116 780 4184 confederatorum
803 4116 924 4183 nominc
947 4116 1046 4181 nostri
1067 4114 1204 4182 omnium
1227 4117 1282 4182 etc.

351 4236 385 4302 Is
409 4255 432 4301 s.
455 4255 482 4301 v.
506 4233 603 4300 dcvct.
625 4235 658 4299 et
679 4231 849 4298 humillimi
871 4233 952 4299 servi
973 4233 1004 4298 et
1026 4232 1155 4298 subiecti

843 4348 992 4416 Universa
1012 4348 1075 4433 lige
1097 4348 1239 4416 lllvetior.
1261 4348 1445 4418 sammua

774 4464 938 4551 superioris
959 4465 1093 4532 oratores
1114 4463 1149 4530 in
1169 4463 1305 4534 Lucerna
1325 4467 1509 4553 congregati

352 4583 467 4652 larum
491 4582 596 4651 eadem
619 4583 757 4652 scribunt
778 4582 828 4652 die
849 4601 896 4651 xx.
918 4581 1083 4650 Februarii.
1130 4580 1455 4672 perversoribus).
