3400 5088
753 345 797 354 ..
844 309 975 373 72...

238 506 335 570 tatem
358 503 575 571 testimouium
604 502 817 572 auctoritatem
847 501 928 586 apud
950 499 1110 568 Gaesarem
1132 500 1313 586 interponat
1343 521 1402 588 quo
1424 503 1491 587 ipse

238 639 355 706 quoque
377 619 541 690 necessarii
562 618 661 685 nostri
682 619 802 686 consilii
820 618 970 684 rationem
992 617 1026 683 in
1047 617 1197 702 optimam
1214 618 1344 703 accipiet
1364 621 1492 703 partem

239 756 354 821 nosque
377 755 428 802 cos
451 754 518 801 esse
541 735 594 818 qui
623 735 739 800 luimus
762 733 933 819 iutelliget3
963 733 1048 800 cuim
1077 736 1199 801 nostrae
1222 735 1335 802 mentis
1358 735 1492 802 sincerae

239 853 270 918 et
292 852 391 918 rectae
419 850 520 930 fidem,
549 851 608 916 etsi
631 850 696 916 dies
725 850 792 935 ipsa
821 851 853 916 et
875 850 993 916 futurae
1023 849 1156 916 actiones
1184 851 1306 918 nostrae
1334 849 1492 916 indubiam

238 967 360 1046 socient
382 968 486 1032 tamon
500 968 693 1050 peroptatum
716 967 803 1033 nobis
818 968 866 1034 est
887 968 941 1033 tua
963 965 1117 1050 imprimis
1139 985 1228 1051 opera
1243 967 1299 1033 boo
1314 985 1370 1032 nos
1385 985 1492 1032 conse·

240 1084 293 1168 qui
315 1084 350 1148 nt
365 1080 475 1150 Caesar
497 1082 577 1152 nihil
598 1083 753 1154 existimet
776 1083 808 1147 in
831 1083 919 1150 nobis
942 1082 1055 1149 umoris
1077 1101 1150 1166 ergo
1166 1101 1198 1148 se
1221 1084 1252 1148 et
1266 1081 1493 1149 benevolentiae

241 1218 307 1266 esse
330 1199 525 1266 diminutum
571 1198 659 1266 Hono
681 1216 746 1266 rem
769 1217 839 1265 cum
861 1199 1000 1265 omnium
1022 1217 1124 1264 rerum
1146 1197 1278 1264 maxime
1300 1198 1389 1264 nobis
1411 1197 1494 1264 cordi

240 1332 307 1382 esse
329 1315 383 1380 tua
412 1313 587 1382 fraternitas
609 1313 780 1399 intelligam
803 1314 909 1400 possit
929 1332 990 1381 non
1011 1315 1132 1380 utemur
1160 1313 1200 1379 nd
1221 1333 1288 1380 earu
1310 1314 1494 1381 monendam

242 1428 342 1496 uerbis
364 1429 512 1514 pluribus,
542 1431 619 1498 satis
641 1429 724 1498 enim
754 1430 831 1496 certi
853 1449 968 1509 sumus,
997 1429 1086 1496 illam
1108 1429 1173 1496 toto
1196 1428 1292 1496 enimi
1321 1429 1370 1496 sui
1392 1429 1493 1497 studio

242 1546 382 1612 acturum
405 1544 485 1629 quod
506 1545 595 1616 nobis
618 1549 742 1634 petum
757 1565 824 1614 esse
847 1548 878 1613 et
900 1548 1008 1631 aptum
1029 1545 1194 1630 intelligat,
1218 1545 1350 1613 simodo
1364 1547 1397 1612 id
1413 1548 1494 1614 recte

243 1664 275 1728 et
296 1661 377 1728 iuste
400 1681 432 1728 se
454 1661 552 1728 fecere
575 1681 665 1752 posse
693 1661 877 1747 cognoverit,
907 1661 987 1748 qnod
1009 1662 1045 1726 ut
1074 1661 1188 1728 sentiet
1209 1663 1241 1727 et
1262 1661 1418 1730 existimet
1438 1681 1494 1729 nos

243 1777 292 1842 illi
313 1787 421 1843 sumere
442 1777 477 1842 in
499 1778 572 1844 boni
593 1777 747 1862 pontificis
769 1777 830 1845 lide
852 1779 997 1844 auctores.
1028 1775 1089 1844 Sed
1111 1777 1185 1844 baec
1206 1777 1311 1844 omnia
1331 1777 1426 1845 latius
1441 1777 1494 1844 dii

242 1894 273 1961 fi.
296 1893 464 1959 Beldessar
477 1891 681 1960 (tastilionem
704 1894 841 1962 notamus
864 1895 896 1960 et
909 1893 1038 1960 nuncius
1061 1894 1164 1960 noster
1178 1894 1232 1960 aut
1247 1911 1281 1960 eo
1300 1893 1425 1961 absente
1446 1889 1494 1960 Jo.

246 2007 372 2074 (tursius
387 2007 633 2076 Florentinomm
655 2011 756 2076 orator
777 2011 879 2076 tecum
893 2011 997 2077 nostro
1012 2009 1135 2076 nomine
1149 2009 1229 2094 aget
1252 2009 1362 2094 quibus
1384 2008 1496 2075 bater-

243 2123 327 2190 nitos
349 2125 403 2189 tua
424 2121 518 2190 fidem
539 2124 679 2193 babebit:
725 2126 842 2192 Datum
864 2125 980 2192 Romae
1002 2127 1057 2193 eto.
1080 2125 1192 2190 ultime
1213 2123 1355 2190 ianuarii
1377 2121 1495 2190 mdno.

245 2239 334 2306 Anno
358 2237 496 2306 mundo.

847 2497 900 2566 50.

653 2665 791 2724 Nunolo
813 2667 850 2724 ln
872 2665 1064 2738 Hispaniis.
1071 2657 1096 2745 1)

337 2817 455 2885 Dilecto
477 2819 538 2885 lili:
561 2818 639 2886 bbm
660 2819 695 2886 in
716 2820 761 2885 eie
783 2819 895 2885 litteris
918 2837 995 2903 quas
1017 2818 1057 2884 ed
1080 2835 1199 2885 ser.mum
1214 2815 1375 2886 Caesarem
1398 2819 1499 2885 mitti·

249 2953 319 3002 mus
341 2935 372 3001 et
394 2954 523 3019 quarum
545 2936 682 3021 exemplo
704 2934 784 3020 quod
806 2935 845 3001 ed
860 2937 891 3001 te
913 2935 1103 3002 destinamus
1125 2954 1196 3001 cum
1217 2935 1315 3020 ipsius
1339 2935 1500 3002 serenitate

249 3051 462 3135 negociatums
485 3070 527 3130 os,
550 3051 605 3116 illa
627 3051 719 3117 verba
741 3069 898 3137 ponemus,
927 3052 981 3118 ubi
1003 3050 1143 3131 dicimus,
1164 3069 1217 3117 eae
1240 3069 1315 3135 quas
1338 3070 1407 3117 oum
1429 3070 1501 3135 rege

250 3167 507 3234 christianissimo
536 3166 663 3232 fecimus
688 3167 909 3248 conventiones,
932 3168 971 3233 ab
1000 3167 1154 3251 aliquibus
1182 3167 1233 3232 bic
1262 3184 1316 3250 pro
1339 3166 1501 3232 serenitate

253 3303 308 3350 sua
330 3283 489 3368 agentium
514 3283 586 3366 (eie)
610 3283 644 3348 in
666 3283 798 3349 alienam
820 3284 938 3368 partem
961 3285 1099 3366 acceptes
1121 3284 1153 3349 et
1175 3281 1347 3348 sinisterius
1370 3280 1409 3347 ed
1431 3300 1501 3346 eum

250 3400 345 3466 fuisso
361 3398 494 3465 drelatas:
516 3399 550 3464 iu
566 3399 676 3483 quibus
692 3399 814 3483 quidem
830 3397 930 3466 verbis
953 3401 985 3465 et
1000 3398 1070 3464 aliis
1087 3397 1283 3482 sequentibus
1307 3397 1412 3480 pomis
1427 3415 1500 3464 cou-

252 3515 407 3599 querimur
428 3514 466 3581 de
488 3514 689 3600 quommdam
711 3516 850 3601 maligna
872 3515 1026 3582 actionum
1048 3514 1223 3580 nostrarum
1244 3513 1502 3597 interpretatione,

250 3630 303 3715 qui
325 3631 405 3714 quod
428 3631 606 3698 necessitate
628 3630 765 3712 fecimus,
787 3633 818 3698 et
839 3632 921 3699 iusto
944 3629 1123 3717 etquidem
1152 3629 1338 3696 arbitramur
1366 3629 1501 3707 censitio,
1593 3674 1599 3686 -

251 3745 312 3830 ipsi
333 3747 365 3812 et
386 3745 420 3811 in
442 3746 575 3829 peiorem
600 3749 716 3830 partem
739 3747 915 3832 detorquere
936 3750 969 3815 et
990 3747 1099 3815 ceteris
1121 3747 1155 3812 iu
1171 3745 1371 3829 suspitionem
1393 3763 1502 3830 ponere

252 3861 353 3926 conati
375 3864 462 3927 sunt:
485 3879 541 3927 nos
563 3862 718 3929 neminem
741 3864 901 3947 speciatim
923 3863 1076 3930 voluimus
1097 3861 1270 3929 nominare:
1294 3881 1332 3927 ue
1347 3861 1380 3927 in
1402 3861 1503 3927 dolore

253 3975 350 4042 enimi
371 3975 469 4042 nostri
490 3976 617 4044 liberius
640 3981 840 4064 expromendo
864 3999 882 4044 a
903 3980 1055 4064 gravitate
1078 3978 1311 4045 discederemus.
1351 3975 1411 4042 Sed
1433 3996 1502 4042 oum

347 4261 366 4329 ¹)
384 4263 510 4314 Baltbnar
534 4263 686 4315 tundente·
708 4268 748 4324 qul
773 4268 871 4315 nuncius
895 4266 925 4313 ad
950 4266 1112 4326 imperatorem
1141 4263 1249 4313 Carolum
1274 4277 1350 4322 recem
1375 4263 1502 4325 Hispanico

254 4362 340 4410 runaut
357 4376 371 4412 e
389 4361 463 4411 Mure
480 4363 599 4425 protectus
617 4365 663 4413 iam
681 4365 719 4414 die
737 4365 820 4426 quinta
833 4363 938 4414 octobri·
956 4365 1012 4412 anni
1029 4363 1163 4424 superloris,
1185 4363 1288 4410 nondum
1305 4361 1428 4410 latrinam
1446 4373 1497 4423 por·

254 4462 358 4514 venerat.
