3366 5084
686 373 819 440 ...35
864 411 908 421 ...

171 569 316 635 utendum
341 568 382 634 sit
404 569 524 650 quando
547 570 649 654 potius
665 569 889 634 humanitatem
912 569 943 633 et
965 567 1160 634 clementiam
1175 587 1309 635 exercere
1326 569 1420 635 velle-

172 705 255 762 mus;
289 684 343 750 sed
368 685 504 750 nimium
534 685 622 768 gravi
644 703 714 748 cura
744 684 911 766 premimur
934 685 1037 766 gregis
1067 685 1165 749 nostri
1193 685 1304 762 dilecti,
1334 705 1424 768 quem

174 821 190 865 a
211 802 280 866 labe
303 803 336 866 et
358 800 536 884 contagione
559 802 625 864 tam
648 800 791 865 exitiosae
821 781 917 882 pestis
940 800 1120 876 immunem,
1150 802 1240 882 atque
1269 801 1423 882 integrum

173 916 311 1000 cupimus
334 931 519 981 conservare.
566 917 668 999 Auget
690 915 783 980 etiarn
814 915 948 980 dolorem
971 917 1003 980 et
1026 915 1263 980 sollicitudinem
1286 916 1424 980 nostram

171 1033 279 1116 ingens
302 1031 451 1115 quaedam
474 1032 637 1096 admiratio
661 1031 697 1096 ds
720 1031 830 1096 dilecto
853 1031 917 1094 filio
939 1030 1065 1096 Alberto
1089 1032 1262 1096 marchione
1285 1030 1423 1095 Brande-

173 1147 327 1230 burgensi,
355 1151 421 1211 or.ir
443 1147 549 1212 beatae
565 1146 680 1211 Mariae
695 1145 950 1211 Theutonioorum
975 1165 1085 1228 magno
1107 1147 1257 1230 magistro
1272 1146 1425 1223 Prassiae,

173 1282 261 1346 quem
277 1281 333 1326 nos
349 1262 481 1345 amplexi
496 1281 615 1345 semper
631 1261 782 1345 singulari
804 1260 934 1344 quodam
951 1280 1060 1334 amore,
1084 1263 1114 1325 et
1132 1263 1259 1343 paterna
1274 1262 1423 1326 charitate

173 1397 286 1454 sumus,
310 1377 395 1442 ouius
419 1378 611 1461 dignitatem,
642 1379 766 1454 statum,
790 1376 1055 1460 tranquillitatem,
1086 1396 1177 1459 quam
1202 1396 1320 1460 semper
1342 1376 1425 1441 cordi

172 1492 377 1569 habuerimus,
401 1493 518 1558 stante
534 1493 607 1558 dum
630 1493 663 1557 in
679 1492 848 1557 minoribus
872 1511 1008 1557 essemus
1031 1491 1192 1556 constituti
1214 1495 1245 1556 et
1260 1492 1423 1574 protectio-

172 1627 243 1673 nem
266 1608 315 1672 sui
337 1607 452 1672 ordinis
475 1607 616 1691 gerendis
646 1608 789 1674 omnibus
812 1607 921 1672 officiis
951 1608 1038 1672 iliam
1070 1607 1266 1685 servarimus,
1296 1611 1327 1672 et
1349 1626 1424 1691 quos

174 1725 300 1800 labores,
330 1741 405 1806 quas
429 1742 483 1805 pro
512 1741 547 1788 eo
571 1724 791 1806 susceperimus
822 1742 925 1799 curae,
956 1725 1009 1788 tua
1032 1723 1260 1807 circumspectio
1290 1723 1424 1806 optimus

172 1843 219 1905 est
241 1839 340 1904 testis.
386 1835 466 1918 Quid
489 1838 572 1904 enirn
594 1839 668 1915 erat,
691 1838 771 1921 quod
792 1839 829 1904 de
853 1857 887 1903 eo
910 1839 998 1904 nobis
1021 1858 1082 1904 non
1097 1839 1239 1904 audacter
1260 1839 1422 1920 promitte-

173 1975 283 2032 remus,
299 1954 378 2039 quod
394 1955 549 2020 vinculum
565 1955 687 2030 amoris,
703 1973 779 2036 quae
795 1954 898 2019 deerat
913 1954 1106 2019 coniunctio?
1130 1955 1188 2019 Vel
1203 1955 1287 2019 enim
1302 1955 1424 2038 propter

173 2074 328 2137 remotam
357 2071 551 2136 nobilitatem
574 2068 710 2134 familiae
734 2089 813 2144 suae,
844 2071 891 2134 val
915 2072 1037 2154 propter·
1059 2068 1156 2152 ipsius
1185 2070 1332 2154 proprias,
1356 2070 1421 2135 exi-

174 2187 311 2269 miasque
334 2187 472 2262 vistrum,
497 2187 543 2250 vel
566 2185 646 2268 quod
667 2187 840 2250 nostrarum
864 2185 1009 2250 domuum
1031 2185 1112 2250 inter
1128 2205 1160 2250 so
1175 2187 1282 2250 mutua
1306 2205 1425 2268 semper

158 2301 346 2390 ,intercessit
381 2301 605 2378 benevolentia,
641 2299 727 2364 illius
756 2320 804 2364 res
834 2303 869 2365 ut
899 2302 961 2364 cari
990 2303 1021 2365 et
1050 2300 1154 2365 dilecti
1185 2299 1244 2365 filii
1275 2303 1422 2385 tanquam

173 2420 293 2484 nostras
317 2415 468 2493 duximus,
490 2417 698 2499 habemusque
720 2416 754 2481 in
776 2416 887 2480 honore
910 2435 1002 2498 penas
1025 2435 1080 2481 nos
1104 2416 1178 2480 duos
1202 2417 1299 2500 ipsius
1314 2417 1424 2483 fratres

173 2534 203 2597 et
226 2531 349 2616 quidem
371 2531 459 2595 nobis
482 2532 586 2614 gratos
609 2533 676 2594 tum
701 2549 756 2595 sna
779 2530 915 2613 ipsorum
938 2532 1058 2608 virtute,
1081 2531 1149 2597 tum
1172 2531 1267 2596 totius
1289 2532 1425 2598 familiae

173 2647 331 2731 dignitate.
378 2644 461 2725 Quae
485 2649 564 2711 certe
587 2646 687 2712 officia
710 2649 741 2711 et
765 2647 874 2712 merita
904 2649 1008 2711 nostra
1031 2647 1125 2730 digna
1147 2648 1241 2720 erant,
1292 2648 1425 2712 tuostri

174 2765 279 2828 mutuo
308 2762 432 2827 honoris
455 2765 486 2826 et
508 2761 598 2826 huius
623 2763 744 2826 sanctae
768 2762 848 2826 sedis
879 2762 1040 2846 dignitatis
1069 2763 1149 2844 apud
1179 2762 1317 2826 animum
1339 2763 1425 2827 illius

173 2897 243 2942 cura
266 2877 418 2961 vigilaret
442 2897 537 2960 noque
561 2897 631 2942 eum
653 2876 810 2942 hominem
827 2877 859 2942 iu
882 2879 964 2942 statu
989 2879 1020 2942 et
1035 2878 1108 2942 locis
1133 2877 1197 2942 suis
1221 2897 1291 2941 cum
1314 2879 1425 2943 honore

173 2994 203 3057 et
224 2993 374 3076 potestate
396 2992 586 3075 relinqueret.
609 2993 662 3076 qui
683 2993 879 3075 apostolicam
905 2992 1022 3072 Sedens,
1046 2995 1077 3058 et
1099 3011 1209 3058 nomen
1231 2993 1421 3075 pontificium

174 3108 237 3172 suis
268 3107 374 3190 impiis
406 3109 438 3172 et
468 3108 621 3191 probrosis
654 3107 850 3191 dogmatibus
882 3109 963 3173 esset
994 3108 1188 3172 laceraturus.
1242 3103 1423 3191 Quanquam

174 3241 281 3306 pamm
304 3222 355 3286 his
379 3222 531 3286 morsibus
560 3223 608 3286 est
630 3222 759 3287 obnoxia
781 3223 902 3288 verims.
949 3223 1049 3306 Igitur
1078 3224 1152 3288 haec
1175 3223 1263 3288 nobis
1293 3222 1372 3286 mira
1395 3223 1426 3287 et

176 3439 262 3486 writes
281 3439 309 3486 N.
329 3437 355 3486 S.
374 3439 433 3486 sulla
451 3451 504 3486 cose
522 3451 563 3486 suo
581 3439 598 3486 11
617 3439 671 3496 qual
691 3439 762 3486 molto
781 3439 812 3494 gli
831 3439 941 3486 satistaca
959 3441 984 3486 at
1000 3441 1015 3486 li
1030 3440 1133 3495 soeirrust
1153 3440 1229 3496 quello
1248 3437 1290 3486 cha
1309 3439 1340 3485 mi
1355 3451 1427 3498 parve

178 3536 316 3595 expediente
335 3537 359 3582 iu
378 3537 431 3583 iarli
450 3549 571 3584 conoscere
590 3539 680 3593 quanta
697 3549 736 3584 ers
748 3537 771 3583 la
789 3536 911 3592 benignita
929 3537 952 3584 dt
967 3537 995 3584 N.
1008 3535 1032 3584 S.
1052 3551 1118 3584 verso
1137 3537 1168 3583 lui
1181 3539 1206 3584 ot
1218 3537 1241 3582 lc
1259 3537 1426 3592 sucronemne

176 3635 201 3679 et
217 3633 240 3681 lo
259 3646 337 3680 amoro
355 3632 397 3680 oba
416 3647 506 3693 sempre
524 3632 555 3680 ha
572 3635 667 3693 portato
686 3635 733 3680 olla
752 3635 799 3680 ill.a
820 3647 863 3680 sus
881 3646 935 3680 cass
953 3633 1050 3681 dicendo
1075 3637 1139 3682 totto
1159 3635 1235 3692 quello
1260 3634 1302 3681 aba
1321 3634 1428 3682 iudicare

176 3743 252 3778 assero
270 3732 296 3777 iu
313 3731 443 3790 proposito.
479 3729 561 3778 Dondo
578 3731 670 3778 induite
696 3732 758 3778 solta
778 3731 891 3786 ringratib
916 3729 963 3778 Suo
982 3730 1028 3778 Sd&
1047 3732 1185 3779 offerendosi
1211 3732 1282 3778 molto
1308 3733 1355 3778 alla
1373 3734 1428 3780 obo-

177 3827 266 3875 dieutis
283 3831 309 3876 et
326 3828 455 3875 commendi
475 3829 499 3875 di
517 3827 542 3876 S.
562 3829 615 3875 Bne,
635 3862 642 3874 .
662 3861 669 3876 .
689 3861 696 3876 .
716 3829 787 3875 Finiti
807 3830 842 3875 ool
861 3829 928 3876 dotto
947 3843 1004 3885 gron
1017 3831 1119 3876 rascatio
1138 3830 1155 3875 li
1173 3829 1241 3888 primi
1256 3830 1426 3885 ragioncmonti

176 3927 250 3973 antrat
269 3939 298 3972 rra
317 3927 338 3973 le
356 3939 409 3972 cose
427 3925 549 3973 lutherano
566 3929 592 3974 et
610 3927 702 3974 dolsimi
722 3927 750 3974 de
768 3927 845 3984 quella
865 3927 926 3974 bolla
945 3927 1055 3974 saltada
1073 3929 1126 3984 quel
1146 3941 1186 3974 ιιιο
1206 3939 1272 3974 vesco
1291 3926 1427 3976 Sombieuso

177 4025 201 4070 at
218 4024 422 4083 particolarmenta
440 4024 483 4071 ieci
510 4025 604 4082 quaerela
622 4021 652 4071 de
670 4025 733 4071 totta
758 4025 833 4081 quello
858 4025 1016 4072 exorbitantia
1034 4027 1059 4072 ot
1077 4025 1173 4084 impieta
1198 4025 1240 4071 cho
1259 4026 1366 4072 centiens
1384 4039 1430 4072 uas

176 4134 216 4180 par
233 4135 280 4168 una
298 4153 306 4168 .
325 4153 332 4168 .
352 4155 358 4168 .
377 4121 410 4169 tii
435 4134 505 4181 parre
532 4123 623 4169 raderlo
646 4125 710 4169 tutto
734 4133 862 4168 commosse
882 4157 887 4168 .
908 4155 915 4170 .
934 4154 940 4168 .
961 4125 991 4168 rni
1019 4135 1136 4182 promosse
1161 4123 1186 4168 di
1211 4123 1260 4170 iare
1279 4123 1333 4179 oeni
1359 4136 1430 4183 opera

176 4219 259 4278 pcrolrt
279 4219 306 4266 N.
326 4219 516 4267 &desudasse
540 4221 651 4267 contento
670 4220 700 4267 da
718 4219 750 4265 lui
769 4220 794 4266 et
812 4233 853 4278 par
877 4220 1019 4266 demostraro
1038 4233 1052 4266 a
1070 4219 1129 4267 tutti
1154 4219 1206 4268 chal
1225 4221 1288 4268 insse
1307 4221 1383 4268 buono
1402 4227 1427 4268 at

176 4316 228 4364 fidel
246 4316 376 4363 christiano
394 4317 506 4376 principe,
532 4319 558 4362 et
576 4317 612 4364 nol
631 4318 719 4375 partire
737 4329 779 4362 suo
798 4317 881 4375 sponte
901 4328 943 4364 sua
961 4317 1131 4373 stringendomi
1157 4317 1181 4364 la
1199 4331 1267 4366 mano
1286 4319 1426 4377 replicommi

177 4411 218 4460 cbo
237 4415 259 4460 in
279 4427 304 4460 ro
323 4411 448 4460 lutheranis
475 4413 545 4461 iaciat
571 4414 632 4472 qnod
651 4415 717 4462 deest
736 4415 860 4460 niaximum
886 4414 1039 4462 christianum
1058 4415 1211 4473 princlpom.‘
1251 4410 1430 4476 (Gampeya'usr

179 4508 232 4567 Ias.
250 4511 282 4558 11.
319 4511 466 4558 Nuntiatum
483 4511 619 4559 Germaniae
637 4511 689 4558 till
706 4525 759 4571 pas.
781 4512 821 4570 81,
837 4511 878 4560 82.
916 4511 1008 4560 Arabis.
1027 4511 1089 4560 Sem.
1110 4512 1183 4559 latu

1231 4554 1308 4671 a
