3366 5084
670 371 892 436 ..19-

156 563 238 630 enim
267 565 387 632 decreto
409 565 638 631 Vrormatiensi
666 565 746 649 quod
767 567 840 630 tunc
862 565 896 630 in
918 566 1066 631 conventu
1094 563 1149 629 illo
1171 583 1225 648 per
1247 561 1407 629 Caesarem

157 681 259 764 ipsum
282 681 319 746 de
342 683 508 746 conventus
532 682 683 747 sententia
707 680 823 746 editum
846 681 906 746 fuit
927 700 1042 764 magna
1065 699 1101 744 er
1123 681 1210 763 parts
1232 680 1310 745 velle
1333 678 1406 743 obe-

159 796 237 862 dire:
260 797 364 881 aliqua
385 816 455 862 vero
477 815 539 862 non
553 797 598 861 ita
621 797 709 863 nobis
725 798 906 880 probantum
922 813 1059 861 revocare
1075 795 1157 860 enim
1173 815 1238 860 rem
1261 794 1300 859 ad
1315 812 1408 860 novas

160 911 390 994 disputationes,
420 914 451 977 et
479 914 661 977 conventum
691 913 729 977 ob
759 912 838 977 hanc
867 931 991 976 causam
1021 911 1154 977 indicere
1184 928 1349 994 causasque
1379 911 1410 974 et

161 1026 428 1093 determinationes
451 1027 523 1092 fidei
552 1029 675 1093 sanctae
698 1027 790 1092 toties
819 1027 883 1092 iam
913 1027 1009 1092 factas
1033 1029 1124 1110 atquo
1146 1028 1282 1110 receptas
1305 1045 1410 1090 rursus

162 1163 270 1227 ponere
292 1143 326 1208 in
348 1131 593 1220 controversiam,
617 1143 698 1226 sapit
720 1143 861 1207 nonnihil
884 1142 1046 1206 averitate
1068 1143 1100 1208 et
1121 1141 1242 1225 integra
1265 1141 1412 1225 religione

161 1260 293 1343 profecto
323 1259 567 1324 dissentaneum:
598 1259 651 1322 sed
680 1258 754 1322 haec
783 1257 985 1341 inaequalitas
1016 1258 1047 1322 et
1069 1256 1274 1340 discrepantia
1303 1257 1413 1324 accidit

163 1373 234 1458 quia
256 1373 290 1438 in
312 1391 424 1458 magno
440 1375 589 1438 conventu
611 1373 665 1438 ubi
686 1372 778 1437 multi
792 1372 866 1437 boni
889 1375 969 1452 sunt,
992 1373 1095 1438 malos
1113 1373 1207 1438 etiam
1222 1373 1413 1454 intervenire,

166 1489 243 1554 sicat
264 1488 298 1553 in
321 1489 399 1554 bono
422 1488 524 1554 tritico
554 1488 669 1552 anania
699 1507 821 1553 necesse
844 1489 899 1552 est.
945 1487 1027 1552 lllud
1055 1488 1144 1552 nobis
1166 1507 1228 1553 nou
1251 1487 1415 1554 admodum

166 1603 302 1669 modeste
331 1604 447 1670 factum
476 1605 577 1668 risum
607 1605 654 1668 est
685 1603 765 1686 quod
787 1603 823 1668 de
854 1602 979 1668 concilio
1008 1603 1175 1686 loquuntur
1196 1603 1333 1688 generali
1354 1621 1416 1668 non

167 1738 250 1784 secus
274 1737 309 1783 ae
332 1719 360 1783 si
382 1719 440 1784 soli
462 1718 578 1783 domini
601 1718 738 1784 omnium
753 1738 855 1784 rerum
878 1719 988 1796 essent
1012 1719 1043 1784 et
1065 1717 1275 1783 christianitas
1297 1737 1359 1782 una
1375 1718 1417 1782 sit

167 1833 345 1900 Germania:
374 1854 448 1900 nam
476 1833 565 1900 nobis
594 1853 642 1899 res
673 1834 796 1917 quidem
824 1833 894 1917 ipsa
922 1835 1001 1898 certe
1024 1852 1085 1898 non
1108 1833 1257 1917 displicet
1288 1834 1316 1898 si
1337 1834 1416 1899 bono

166 1951 255 2017 modo
278 1953 309 2016 et
331 1951 394 2016 zelo
418 1950 512 2015 solius
528 1949 587 2014 Dei
609 1951 641 2014 et
655 1950 777 2032 potatur
800 1951 831 2013 et
852 1948 1042 2028 instituatur,
1065 1948 1099 2013 in
1121 1967 1181 2033 qua
1197 1951 1264 2014 tum
1280 1949 1418 2014 omnium

167 2068 269 2149 partes
298 2085 365 2131 esso
394 2065 535 2130 convenit
563 2083 598 2129 ac
619 2064 711 2129 istius
733 2063 815 2148 rogis
842 2063 1061 2146 propemodum
1089 2063 1249 2144 maximas,
1278 2064 1331 2147 qui
1359 2083 1418 2148 quo

168 2181 270 2246 animo
293 2181 326 2246 in
349 2177 464 2245 Christi
486 2179 634 2245 fidemt
602 2182 634 2244 et
656 2181 795 2244 sanctam
818 2197 853 2244 ac
868 2179 1100 2244 immaculatam
1121 2179 1349 2264 religionem'
1325 2183 1405 2246 site
1389 2181 1421 2246 et

172 2295 262 2362 factis
286 2315 405 2380 semper
435 2295 661 2360 declaravitet
630 2295 827 2378 escriptis:
859 2313 966 2360 verum
994 2294 1069 2360 haec
1097 2313 1153 2360 nos
1182 2295 1420 2380 gubemabimus

170 2431 205 2478 ea
227 2412 345 2478 ratione
367 2430 459 2495 quarn
477 2411 674 2494 inspiraverit
695 2411 784 2476 nobis
806 2411 905 2488 Deus,
928 2410 1031 2476 animo
1055 2410 1178 2494 quidem
1194 2411 1288 2477 etiam
1311 2413 1425 2477 maiore

172 2547 265 2611 quam
287 2527 443 2592 tautomm
467 2527 625 2591 turbinum
655 2545 826 2606 concursus,
849 2526 902 2610 qui
925 2527 956 2591 et
978 2545 996 2590 a
1018 2525 1186 2592 Turcarum
1212 2528 1308 2594 armis
1330 2530 1362 2594 et
1384 2528 1423 2592 ab

171 2642 327 2708 intestinis
359 2641 597 2707 christianorum
624 2641 793 2707 incomodis
825 2660 880 2706 nos
905 2642 1057 2724 premunt
1085 2640 1225 2707 videatur
1255 2643 1423 2726 postulare:

172 2758 245 2842 quid
277 2757 360 2822 enim
382 2757 432 2822 rel
465 2757 562 2822 animi
583 2757 632 2822 vel
655 2757 776 2822 consilii
803 2757 907 2822 deesse
937 2757 1038 2840 potest
1067 2759 1147 2822 recte
1177 2757 1209 2821 et
1237 2757 1367 2824 firmiter
1389 2759 1423 2823 in

172 2871 294 2939 domino
325 2873 539 2955 sperantibus?
585 2871 720 2937 Habebis
743 2873 838 2937 etiem
866 2871 1120 2956 protestationum
1151 2872 1323 2956 exemplum
1346 2893 1422 2957 quae

172 3007 226 3072 per
246 2987 413 3054 liberarum
435 2987 596 3053 civitatum
619 2989 744 3053 nuncios
767 2989 801 3053 in
823 2987 928 3053 eodem
951 2987 1100 3053 conventu
1122 2986 1220 3053 factae
1244 2989 1324 3068 sunt,
1348 3009 1424 3072 quae

174 3122 232 3186 qno
254 3102 357 3169 animo
374 3103 445 3181 siut
468 3102 562 3167 infido
577 3101 720 3168 uidelicet
742 3104 774 3168 et
796 3104 944 3187 conupto,
968 3101 1087 3186 etquid
1102 3103 1191 3168 nobis
1206 3103 1427 3186 inpraesentia

175 3217 314 3283 videatur
329 3217 431 3282 afferri
445 3217 573 3283 remedii
594 3237 691 3302 posse,
716 3219 756 3283 ad
778 3219 925 3285 dilectum
942 3218 1042 3283 filium
1065 3217 1265 3283 Melchiorem
1286 3219 1428 3303 Langum

175 3333 377 3399 camerarium
403 3333 543 3398 nostrum
566 3351 637 3397 curn
669 3333 936 3418 circumspectione
959 3335 1012 3399 tua
1034 3334 1174 3417 precipue
1198 3334 1426 3400 communican-

176 3448 249 3514 dum
271 3447 435 3527 mittimus,
458 3447 507 3513 cui
522 3450 557 3513 tu
572 3448 665 3514 fidem
680 3468 802 3514 omnem
816 3448 952 3517 habebis.
982 3447 1133 3514 Nostrum
1155 3451 1203 3514 est
1216 3469 1298 3515 nunc
1312 3449 1429 3516 hortari

175 3563 209 3628 in
230 3563 353 3630 domiuo
375 3563 676 3647 circumspectionem
697 3565 785 3629 tuam
806 3565 842 3628 ut
865 3564 1053 3649 singularem
1068 3583 1138 3630 eam
1159 3564 1353 3648 prudentiam
1368 3586 1427 3650 qua

175 3679 329 3762 imprimis
351 3679 446 3762 pollet
467 3679 498 3744 et
520 3680 732 3744 auctoritatem
754 3698 814 3763 qua
837 3699 956 3745 summe
978 3682 1027 3745 est
1049 3680 1186 3764 praedita
1202 3681 1336 3746 conferre
1359 3700 1427 3747 om-

176 3814 248 3861 nem
270 3793 309 3860 ad
331 3793 495 3859 tutandum
523 3793 707 3860 christanae
729 3794 801 3859 fidei
823 3797 854 3859 et
876 3794 967 3860 huius
991 3797 1113 3860 sanctae
1137 3795 1227 3874 sedis,
1250 3796 1335 3860 cuius
1359 3797 1427 3880 ipsa

176 3909 449 3976 honoratissimum
471 3910 644 3975 membrum
667 3912 722 3989 est,
745 3911 836 3975 decus
859 3929 921 3976 non
942 3912 1114 3994 postponat,
1144 3931 1271 4010 eumque
1294 3931 1430 3977 amorem

179 4044 237 4109 quo
260 4025 348 4090 nobis
371 4023 491 4108 proprie
513 4023 697 4090 affectat
650 4027 735 4090 este
737 4025 822 4090 tcui
844 4045 899 4091 nos
922 4045 983 4091 non
1005 4026 1118 4091 minori
1146 4026 1358 4092 benevolentia
1379 4047 1429 4092 ro·

180 4139 394 4244 spondemus
385 4159 419 4204 m
441 4139 498 4204 hac
520 4158 552 4204 re
576 4141 675 4205 totum
697 4141 869 4206 ostendere:
893 4141 920 4206 si
942 4143 1047 4206 tamen
1068 4142 1210 4226 perennis
1233 4145 1264 4207 et
1285 4145 1430 4226 perpetua

178 4257 247 4322 laus
278 4257 331 4321 tua
360 4256 392 4320 et
413 4254 505 4319 istius
529 4255 719 4320 serenissimi
750 4275 785 4320 ac
813 4256 902 4322 nobis
932 4257 1177 4322 coniunctissimi
1206 4257 1287 4341 regis
1318 4257 1352 4322 in
1374 4258 1432 4325 hoc

180 4371 302 4460 negotio
317 4369 450 4436 maxime
465 4369 565 4453 posita
580 4372 687 4449 estt
652 4391 673 4434 ιι
702 4370 856 4454 possimus
872 4371 1034 4455 aliquando
1050 4372 1270 4457 rempublicam
1285 4373 1430 4437 christia-

181 4506 254 4552 nam
276 4489 325 4554 tot
352 4485 554 4551 incommodis
580 4486 771 4551 laborantem
793 4485 843 4551 his
872 4487 1109 4571 perniciosarum
1140 4487 1281 4553 heresum
1304 4487 1335 4552 et
1356 4505 1430 4571 gra-

1233 4590 1273 4659 2*
