3400 5088
664 319 888 389 ..93-

149 520 311 607 nosipsos
333 519 393 587 crit
414 517 572 604 quidpiam
586 515 759 584 iaciendum
781 515 845 584 sive
867 515 907 582 ab
929 514 1000 583 aliis
1015 515 1191 582 christianis
1213 517 1402 605 principibus

154 636 318 722 petendum
340 637 431 720 atque
460 633 696 718 impetrandum,
725 631 891 711 scribendo,
921 631 1063 717 rogando,
1093 632 1266 715 laborando,
1296 653 1401 702 omnes

152 753 374 832 adhibebimus,
395 753 577 836 tantumque
598 767 653 835 pro
675 748 762 814 vobis
783 748 935 815 enitemur
956 749 992 814 ut
1007 749 1035 814 si
1056 747 1163 815 eodem
1185 750 1305 817 edundi
1328 770 1401 818 san-

152 869 243 954 guine
265 871 297 934 et
324 866 462 934 eiusdem
483 865 600 950 patriae
628 863 778 930 charitate
806 863 926 930 astricti
948 864 980 930 et
1008 864 1138 950 obligati
1167 885 1303 932 essemus
1332 867 1402 953 plus

153 1003 242 1070 agere
264 985 295 1050 et
317 983 393 1050 eniti
414 1001 476 1049 nou
497 999 669 1066 possumus.
715 978 801 1061 Quod
823 978 914 1045 factis
937 979 1038 1064 magis
1060 999 1154 1066 quarn
1176 982 1277 1048 verbis
1300 983 1334 1050 in
1348 1003 1401 1048 ve·

153 1101 252 1165 stram
274 1099 443 1165 utilitatem
465 1100 496 1164 et
526 1095 614 1162 Sedis
637 1096 820 1180 apostolicae
849 1095 1051 1176 commodum,
1081 1096 1161 1181 quod
1183 1098 1346 1182 utrumque
1368 1119 1403 1166 ex
1425 1100 1429 1110 '

151 1215 210 1280 bac
238 1234 270 1280 re
298 1212 489 1294 redundabit,
519 1231 625 1279 sumus
653 1212 814 1278 ostensuri.
860 1212 974 1277 Datum
1007 1212 1122 1278 Romae
1150 1213 1199 1279 die
1228 1214 1310 1281 xviii.
1344 1216 1403 1307 lie·
1522 1263 1526 1270 .

152 1329 269 1396 bruarii
291 1329 409 1396 mdxrv.
454 1328 544 1395 Anno
567 1327 705 1395 seeundo.

748 1587 801 1654 64.

646 1751 735 1814 Duel
757 1751 917 1832 opellae.

245 1909 364 1976 Dilecte
386 1908 441 1976 lili
486 1907 621 1976 Iitterae
649 1909 720 1974 tuae
743 1906 841 1974 dier.
863 1907 1047 1975 Novembris
1076 1908 1166 1977 datae
1194 1912 1301 1997 plenae
1330 1935 1404 2000 prn-

155 2025 276 2093 dentiae
297 2043 333 2091 ae
346 2025 380 2091 in
395 2043 552 2091 summum
573 2023 674 2092 Deum
696 2023 854 2109 religionis
876 2024 908 2090 et
922 2043 995 2110 erga
1009 2044 1065 2091 nos
1087 2027 1201 2094 amoris
1219 2029 1407 2116 singularem

155 2142 244 2208 nobis
264 2140 416 2208 laetitiam
439 2141 622 2218 attulerunt;
645 2139 842 2225 cognovimus
856 2140 940 2210 enim
962 2160 997 2207 er
1019 2141 1059 2207 iis
1074 2143 1105 2208 te
1119 2145 1308 2227 prestantem
1322 2148 1405 2231 opti·

156 2275 301 2342 mumque
328 2256 497 2341 principem
526 2255 655 2341 dmum
683 2273 720 2322 ea
741 2255 902 2322 nobilitate
931 2273 1009 2341 quae
1031 2257 1089 2324 tibi
1111 2259 1262 2328 mmomm
1284 2265 1407 2330 tuorum

155 2372 340 2441 continuatis
361 2371 541 2457 eximiisque
562 2371 729 2438 virtutibus
751 2371 865 2438 tradita
887 2371 944 2452 est,
973 2373 1005 2439 et
1026 2372 1066 2439 iis
1089 2375 1244 2444 benefieiis
1266 2397 1344 2463 quae
1367 2381 1407 2447 ab

156 2490 362 2575 omnipotente
384 2488 449 2555 Deo
476 2487 611 2572 plurima
638 2487 792 2572 accepisti,
820 2487 980 2555 defendere
1008 2507 1044 2554 ao
1065 2491 1161 2557 tutari
1190 2492 1327 2574 eiusdem
1349 2495 1408 2563 Dei

155 2624 280 2673 censam
308 2623 401 2690 quam
431 2603 599 2670 multorum
628 2605 660 2670 et
686 2603 852 2687 impiorum
882 2603 1052 2670 satellitum
1082 2624 1206 2674 suorum
1235 2609 1406 2680 ministerio

158 2721 312 2789 Sathenas
334 2718 517 2787 labefactare
539 2721 571 2786 et
592 2719 760 2787 convellere
774 2721 916 2798 conatum
937 2719 991 2805 qui
1012 2740 1082 2787 eum
1104 2722 1188 2790 omni
1207 2724 1312 2794 ordine
1332 2745 1405 2794 con·

156 2839 224 2906 fuso
252 2837 285 2904 et
312 2836 449 2922 aequatis
478 2835 639 2902 homiuum
667 2833 814 2921 madibus
842 2835 990 2921 plebeque
1018 2836 1163 2904 adversus
1194 2839 1347 2927 principes
1376 2845 1408 2910 et

158 2953 326 3040 superiores
347 2952 458 3037 ubique
472 2951 609 3032 incitata
632 2954 733 3037 speret
748 2953 870 3019 sublata
883 2952 1046 3019 maiestate
1068 2953 1173 3038 legum
1187 2957 1407 3044 presertimque

156 3069 429 3136 ecclesiasticarum
451 3068 593 3135 omnibus
607 3067 671 3134 fore
686 3086 741 3135 suo
755 3068 906 3135 arbitratu
920 3067 1042 3136 vivendi
1055 3069 1225 3156 agendique
1241 3073 1406 3157 licentiam,

158 3185 301 3254 intanta
321 3183 489 3251 colluvione
518 3203 639 3250 morum
661 3185 692 3251 et
713 3183 838 3252 lieentia
866 3184 1059 3265 temeritatis,
1088 3203 1211 3252 omnem
1233 3189 1292 3256 Dei
1320 3209 1405 3258 reve·

158 3303 297 3382 rentiam,
318 3319 442 3368 omnem
463 3299 581 3366 cultum
602 3299 727 3384 pietatis
755 3300 923 3368 extinctum
945 3302 977 3367 et
998 3301 1149 3368 abolitum
1170 3301 1210 3370 iri
1232 3307 1336 3390 putat;
1358 3307 1409 3374 eui

158 3438 214 3486 nos
246 3417 334 3504 gravi
364 3419 397 3484 et
426 3416 551 3482 acerbae
581 3416 698 3500 aliquot
727 3415 792 3482 iam
821 3415 981 3484 nahonum
1019 3417 1189 3485 calamitati
1220 3422 1405 3490 occurrimus

158 3535 307 3619 quantum
328 3551 491 3618 possumus
512 3533 544 3598 et
565 3531 714 3599 hortando
735 3533 768 3599 et
789 3531 938 3600 monendo
960 3533 992 3598 et
1013 3532 1186 3614 laborando,
1210 3536 1263 3603 sed
1285 3539 1405 3623 quomi-

159 3669 217 3717 nus
239 3650 362 3716 tautum
376 3647 544 3715 efficiamus
566 3649 715 3733 quantum
729 3647 878 3715 vellemus
900 3647 976 3714 dura
998 3649 1072 3716 baec
1086 3651 1258 3735 temporum
1275 3653 1409 3723 conditio

159 3767 208 3832 est
235 3765 325 3834 nobis
355 3764 588 3850 impedimento3
617 3783 677 3831 non
707 3763 807 3831 solum
836 3763 918 3832 enirn
948 3764 1104 3832 heresibus
1135 3767 1188 3833 sed
1215 3769 1409 3852 gravimimis

160 3882 419 3965 atrocissimisqne
448 3879 538 3947 bellis
560 3880 680 3965 agitata
710 3882 742 3947 et
763 3881 871 3946 vexata
892 3880 1011 3947 laborat
1039 3881 1207 3948 christiana
1229 3886 1409 3970 respublica,

160 3997 193 4064 in
214 4016 342 4082 quorum
362 3996 487 4063 fremitu
509 3997 541 4062 et
568 3995 669 4062 tumre
696 3997 801 4062 nostra
829 3997 957 4080 paterna
978 4014 1035 4063 ror
1056 4016 1164 4082 pacem
1186 4017 1276 4065 orans
1298 4002 1330 4068 et
1352 4021 1407 4071 er-

160 4114 297 4181 elemans
326 4112 424 4179 adhuc
446 4132 507 4180 uon
528 4113 629 4198 potuit
657 4111 807 4189 exaudiri;
830 4131 885 4208 nec
906 4112 1085 4180 desistimus
1108 4115 1227 4193 tamem
1251 4117 1410 4204 Deumque

160 4229 248 4296 nobis
262 4231 334 4296 ante
355 4229 457 4296 oculos
471 4231 627 4314 ponentes,
648 4227 747 4312 ipsius
762 4228 828 4295 sola
842 4228 1049 4296 misericordia
1063 4228 1253 4313 confidimus,
1271 4233 1409 4302 dolentes

159 4348 192 4412 et
212 4347 371 4431 gementes
392 4345 464 4430 quia
484 4344 588 4410 omnia
608 4344 743 4411 filiorum
763 4345 937 4412 nostrorum
958 4348 990 4412 et
1012 4345 1172 4412 christiani
1194 4347 1282 4414 nobis
1305 4349 1410 4416 dilecti

161 4463 264 4546 gregis
295 4460 487 4527 incommoda
518 4461 609 4526 exitia
640 4461 846 4539 calamitates,
878 4463 983 4528 nostra
1015 4463 1087 4526 sunt
1117 4461 1323 4542 incommoda;
1355 4483 1411 4530 nec
