3366 5084
681 313 813 401 ..43⁴
860 370 903 380 ..

167 529 303 594 transeat
332 548 436 594 eorum
464 530 642 609 liberalitas,
665 532 697 594 et
722 529 849 613 plurimi
869 529 927 594 hac
950 548 1002 612 spe
1025 528 1064 593 ad
1094 529 1214 593 ebenus
1237 529 1267 592 61
1289 526 1420 592 fideliter

168 645 211 709 eis
241 645 467 710 insaniendum
497 646 595 710 acrius
625 645 796 711 incitentur.
843 643 932 709 Nunc
961 645 1064 727 itaque
1094 643 1204 709 dilecto
1233 643 1297 708 filie
1327 643 1417 707 Petro

167 759 282 825 Aleisio
305 759 380 824 dicti
402 760 529 825 aarum
550 763 658 844 nepote
680 762 828 844 cupiente,
843 760 875 824 id
897 759 976 844 quod
999 759 1115 824 iamdiu
1134 760 1217 842 cupit
1239 760 1270 823 61
1292 757 1418 823 molitus

173 878 227 954 est
250 876 382 941 adscribi
405 877 443 941 ad
466 877 612 942 militiam
627 878 804 942 venetorum
826 878 857 941 et
872 877 973 959 aliqua
988 877 1026 941 ab
1050 875 1094 940 eis
1110 877 1238 941 honesta
1252 875 1420 957 profectura

168 992 319 1076 insigniri,
342 1012 412 1056 cunr
435 992 528 1058 etiam
544 992 581 1058 de
596 1011 699 1058 eorum
723 1011 796 1076 erga
819 1013 851 1056 se
867 992 982 1075 optima
998 993 1153 1056 voluntate
1170 1010 1256 1074 spem
1271 1009 1418 1073 magnam

168 1109 345 1192 conceperit
368 1108 483 1172 exitum
512 1110 615 1174 autem
638 1109 757 1173 nudum
780 1108 878 1173 adhuc
901 1108 943 1173 sit
965 1109 1113 1189 expertus
1138 1108 1278 1172 volumus
1301 1107 1333 1170 et
1354 1103 1418 1170 fra·
1458 1147 1463 1156 ι

169 1223 307 1289 ternitati
329 1225 398 1288 tuae
422 1223 612 1308 iniungimus
636 1227 678 1301 ut,
703 1226 842 1306 suscepta
872 1224 929 1288 hac
958 1242 1058 1302 causa,
1081 1241 1203 1288 omnem
1226 1219 1419 1305 diligentiam

167 1339 322 1418 adhibeas,
352 1339 530 1422 interposito
567 1340 661 1404 etiam
688 1340 813 1427 nomine
842 1342 874 1405 et
897 1338 1048 1404 declarato
1078 1338 1168 1403 buius
1199 1338 1243 1402 rei
1272 1335 1420 1402 desiderio

166 1455 280 1530 uostm,
309 1455 389 1538 quod
417 1455 511 1520 etiam
540 1455 590 1519 hic
612 1455 724 1520 oratori
746 1455 827 1538 apud
855 1473 910 1520 nos
932 1455 1116 1519 Venetorum
1146 1453 1253 1518 notum
1276 1452 1419 1517 fecimus:

167 1573 202 1636 ut
223 1571 352 1636 dilectus
373 1569 456 1636 fflius
471 1570 584 1636 nobilis
599 1571 645 1636 vir
668 1570 727 1636 dur
742 1572 774 1635 61
788 1570 880 1636 ceteri
894 1589 930 1635 er
952 1569 1078 1635 consilio
1094 1569 1279 1634 Venetorum
1302 1567 1418 1632 dictum

168 1686 295 1751 Petrum
317 1686 470 1751 Aleisium
499 1685 538 1750 ad
562 1685 713 1770 stipendia
737 1705 792 1750 sua
815 1685 960 1751 accersire
983 1705 1110 1769 eumque
1133 1685 1234 1768 aliqua
1256 1681 1421 1748 honorifica

165 1802 327 1867 honestare
349 1800 525 1883 profectura,
549 1802 672 1884 eiusque
695 1801 788 1866 fidem
803 1820 924 1884 operam
945 1801 1160 1865 strenuitatem
1182 1799 1215 1865 in
1238 1818 1298 1883 qua
1320 1798 1418 1863 maio-

166 1936 234 1981 rum
258 1937 327 1981 eum
351 1935 474 1982 suorum
498 1917 632 1982 similem
655 1916 792 1982 futurum
816 1936 981 2000 speramus,
1005 1915 1149 1981 adhibere
1171 1917 1262 1998 atque
1285 1932 1419 1979 exercere

166 2032 199 2096 in
220 2032 311 2097 rebus
336 2031 399 2096 suis
423 2032 535 2107 velint;
558 2031 638 2116 quod
662 2033 735 2098 suut
755 2032 844 2098 nobis
873 2032 1087 2116 gratissimum
1109 2031 1234 2096 facturi:
1263 2031 1353 2113 atqum
1376 2028 1421 2093 ita

166 2165 281 2212 morem
311 2148 429 2228 gesturi
457 2150 493 2212 ut
521 2167 591 2213 cum
620 2148 764 2213 similiter
794 2147 1069 2214 commendationes
1099 2166 1152 2230 pro
1183 2146 1253 2212 aliis
1283 2147 1418 2227 intorpu-

167 2263 344 2342 snissemus
361 2263 432 2328 huic
445 2263 651 2347 potissimum,
673 2281 750 2346 quae
771 2283 825 2346 pro
840 2262 963 2329 homine
982 2263 1070 2329 nobis
1092 2264 1179 2347 grato
1203 2263 1342 2344 suscepto
1365 2261 1420 2338 est

167 2378 325 2460 cupiamus
356 2380 387 2442 et
416 2395 438 2442 a
456 2380 487 2444 te
517 2381 548 2443 et
570 2379 609 2443 ab
631 2378 695 2444 illis
725 2380 757 2443 et
779 2379 871 2444 fidem
900 2379 1033 2461 primam
1062 2379 1101 2444 et¹
1122 2378 1339 2443 liberalitatem
1362 2376 1418 2440 ad-

167 2492 281 2559 biberi:
304 2493 338 2557 in
360 2493 417 2559 boe
439 2494 530 2558 faciet
552 2493 729 2559 fraternitas
752 2495 805 2558 tua
828 2513 893 2559 rem
915 2494 1003 2559 nobis
1026 2494 1214 2576 expectatam
1237 2495 1268 2557 61
1290 2493 1419 2576 gratam.

767 2874 818 2938 32.

606 3039 762 3096 Antonio
785 3037 975 3097 Fonsecae.

252 3189 372 3254 Dilecto
394 3188 440 3253 fili
463 3189 594 3255 salutem
617 3191 672 3255 etc.
717 3191 891 3274 Antequam
919 3191 1040 3257 litterae
1069 3193 1140 3256 tuae
1163 3191 1250 3256 nobis
1280 3191 1416 3256 redditae

169 3307 278 3382 essent,
295 3305 413 3369 obitum
429 3305 474 3370 bo.
491 3325 548 3370 me.
568 3305 672 3370 fratris
687 3307 733 3371 tui
759 3306 891 3390 episcopi
913 3307 1082 3390 Burgensis
1097 3306 1284 3384 nunciantes,
1307 3306 1339 3371 id
1353 3306 1416 3370 iarn

167 3419 265 3486 fuerat
286 3439 304 3483 a
327 3421 415 3485 nobis
439 3421 508 3486 aliis
538 3421 651 3486 litteris
674 3425 704 3487 et
726 3421 845 3488 nunciis
869 3423 1034 3506 cognitum,
1064 3424 1255 3508 graviterque
1276 3421 1415 3488 indolue-

167 3554 269 3600 rumus
299 3537 337 3601 ob
368 3537 548 3602 memoriam
578 3537 726 3603 virtutum
757 3539 849 3616 illius,
879 3543 1025 3624 tuumque
1055 3559 1089 3604 er
1119 3539 1283 3605 amissione
1312 3538 1416 3603 fratris

166 3650 315 3726 dolorem;
339 3671 444 3716 sumus
468 3653 550 3718 enim
579 3655 648 3718 tuae
679 3654 831 3719 devotioni
854 3654 961 3730 affecti,
991 3657 1028 3722 de
1057 3656 1142 3721 cuius
1172 3655 1266 3720 etiam
1295 3654 1416 3729 virtuto,

165 3767 319 3850 animique
341 3769 510 3851 prestantia
532 3770 669 3851 amplum
694 3789 812 3853 semper
835 3771 981 3836 iudiciuin
1005 3773 1140 3836 fecimus.
1187 3769 1246 3835 Sed
1270 3771 1414 3853 quoniam

165 3883 222 3947 Dei
245 3883 359 3948 summi
382 3884 522 3948 uoluntas
545 3884 628 3948 omni
651 3885 683 3949 in
707 3905 737 3950 re
760 3887 848 3951 nobis
872 3906 964 3970 aequo
989 3887 1091 3952 animo
1114 3890 1162 3952 est
1184 3886 1315 3962 ferenda,
1340 3885 1414 3951 dum

164 3996 216 4062 ille
239 3998 278 4063 ab
302 3997 444 4063 humanis
468 3998 624 4064 discedens
654 4001 686 4064 id
715 4001 773 4065 iter
796 4003 935 4076 mouent
960 4023 1018 4085 quo
1042 4003 1090 4067 via
1112 4003 1144 4068 in
1161 4003 1277 4068 coelum
1301 4002 1415 4068 (1116616

164 4116 219 4192 est,
249 4113 329 4197 quod
353 4133 407 4178 nos
432 4133 551 4196 sperare
575 4115 611 4178 de
635 4135 677 4193 eo,
707 4119 738 4180 et
761 4116 908 4182 confidere
932 4138 1103 4201 possumus,
1134 4137 1224 4196 mors,
1248 4137 1323 4202 quae
1346 4138 1414 4184 orn-

164 4229 254 4294 nibus
278 4231 449 4294 communis
473 4233 527 4305 est,
558 4250 619 4296 non
642 4235 690 4297 est
713 4232 744 4297 in
767 4253 827 4298 runo
850 4233 903 4298 illo
933 4235 1066 4317 graviter
1091 4235 1227 4310 ferenda;
1259 4236 1416 4300 sedidem

164 4345 246 4410 Deus
270 4346 411 4423 orandus
433 4349 468 4410 ut
491 4346 547 4411 hae
570 4346 618 4411 illi
636 4349 733 4412 morte
757 4347 874 4413 adituum
897 4351 1048 4432 aperuerit
1071 4351 1109 4415 ad
1132 4351 1229 4416 vitam
1252 4352 1414 4416 aeternam.

166 4457 252 4541 Quod
275 4479 345 4526 rere
368 4460 407 4526 ed
430 4462 509 4528 bona
524 4465 556 4528 61
577 4481 626 4529 res
648 4462 733 4532 illius
756 4464 876 4546 attinet,
899 4483 955 4531 nos
977 4466 1011 4531 in
1033 4467 1129 4533 tande
1144 4466 1259 4541 nostris
1281 4468 1313 4532 et
1328 4463 1415 4538 Sedis
