3380 5088
760 747 845 818 Regi
870 746 1029 818 angliae.

356 899 528 968 Carissimo.
575 900 642 966 Etsi
664 900 866 984 gravissimae
888 899 1074 965 calamitatis
1097 918 1174 984 qnae
1196 899 1284 966 nobis
1306 919 1360 984 per
1381 900 1437 966 bos
1453 900 1518 966 dics

267 1016 388 1082 insidiis
410 1017 442 1082 et
463 1015 589 1100 pertidia
611 1015 721 1082 incidit
742 1035 846 1082 eornm
876 1015 985 1100 quiin
1008 1034 1063 1081 nos
1086 1017 1117 1080 et
1140 1015 1219 1081 hanc
1242 1014 1385 1082 Sanctam
1409 1014 1517 1081 Sedena

268 1133 375 1198 hostili
397 1133 499 1199 animo
523 1133 612 1211 sunt,
641 1150 769 1216 qnorum
792 1131 888 1196 etiam
917 1131 976 1196 fida
999 1132 1030 1197 et
1060 1131 1221 1215 promissis
1250 1131 1367 1216 decepti
1395 1132 1518 1210 fuimus,

267 1249 387 1314 litteras
411 1248 450 1314 ad
472 1251 503 1314 te
525 1267 602 1332 quae
623 1247 794 1314 indicarent
816 1245 972 1324 dedimus;
994 1249 1100 1312 tamen
1123 1267 1194 1312 cnm
1215 1266 1277 1340 non
1299 1248 1376 1313 satis
1399 1247 1517 1314 vidam-

270 1383 337 1430 mnr
360 1364 463 1431 omnia
484 1363 654 1430 declarasse
676 1381 753 1448 qnae
776 1364 863 1430 erant
884 1361 1072 1442 declaranda
1096 1382 1166 1430 aum
1187 1362 1358 1448 indignitas
1380 1363 1411 1430 et
1433 1381 1518 1428 acar-

269 1480 350 1546 bitas
372 1479 417 1546 rei
439 1497 561 1546 omnem
590 1478 768 1546 facultatem
799 1478 950 1545 scribendi
981 1480 1144 1562 superaret,
1174 1497 1302 1563 cumque
1329 1478 1454 1566 insuper
1482 1478 1519 1544 ola

269 1595 445 1662 calamitate
468 1597 499 1662 et
521 1597 609 1662 ruina
631 1595 719 1680 regni
742 1594 906 1679 Ungariac
936 1594 1016 1679 quod
1038 1595 1101 1660 mm
1123 1595 1158 1661 in
1179 1596 1331 1680 potestate
1353 1595 1519 1660 'ltrrcamm

269 1713 325 1793 est
340 1730 401 1778 non
416 1712 533 1780 minore
548 1711 686 1778 mestitia
700 1730 913 1796 premeremur,
936 1711 1108 1778 institimus
1123 1711 1245 1778 mittere
1260 1710 1299 1776 ad
1315 1715 1417 1778 ser.tem
1434 1712 1519 1776 trram

269 1848 365 1895 mum
388 1848 423 1894 er
446 1828 508 1894 tuis
532 1828 612 1912 apud
634 1845 689 1894 nos
711 1827 882 1894 oratoribus
904 1828 966 1912 qur
979 1827 1190 1894 testimonium
1209 1845 1351 1912 praesens
1374 1827 1520 1904 redderet,

270 1963 306 2012 ee
335 1944 417 2010 iacta
446 1943 497 2009 hic
519 1943 614 2009 tuisse
643 1943 678 2009 in
705 1943 835 2010 dedecus
858 1962 893 2009 ac
921 1943 1140 2010 detrimentum
1162 1944 1221 2010 Dei
1249 1945 1281 2010 et
1310 1943 1467 2028 religionis
1490 1945 1521 2008 et

270 2061 362 2126 hnins
385 2057 514 2126 Sanctae
537 2057 633 2138 Sedis,
655 2078 733 2145 qnae
755 2060 875 2126 anrrlla
897 2061 989 2144 gente
1012 2059 1107 2126 etiam
1121 2059 1240 2126 infideli
1262 2062 1293 2125 et
1316 2061 1445 2126 barbara
1467 2079 1519 2125 er-

270 2177 390 2260 pectare
411 2175 625 2260 potuissemus,
654 2195 689 2240 ac
711 2176 748 2242 de
771 2177 862 2242 rebus
884 2175 979 2242 etiam
1002 2175 1157 2260 Ungariae
1188 2177 1236 2242 vel
1259 2175 1391 2242 afflictae
1419 2176 1520 2260 potius

270 2291 506 2358 christianitatis
529 2310 605 2376 quae
620 2310 675 2358 nos
694 2292 892 2378 cognovimus
907 2290 1010 2357 omnia
1032 2291 1204 2376 explicaret.
1234 2293 1279 2358 Aa
1301 2291 1380 2376 quod
1396 2291 1434 2358 ad
1450 2310 1521 2374 prc-

270 2407 354 2491 prias
370 2407 489 2473 nostras
504 2407 638 2490 pertinet
658 2407 795 2487 iniurias,
817 2407 864 2472 nti
885 2408 959 2473 tunc
975 2407 1162 2492 scripsimus,
1189 2408 1216 2474 si
1236 2407 1405 2473 mutatione
1427 2407 1523 2473 animi
1664 2391 1665 2396 ’

273 2525 304 2589 et
318 2522 505 2607 poenitentia
519 2541 622 2589 eorum
645 2542 773 2608 quornm
788 2523 911 2589 nomine
929 2525 960 2590 et
975 2522 1154 2589 auctoritato
1169 2522 1268 2590 factae
1283 2523 1355 2590 sunt
1370 2523 1523 2588 conversis

272 2639 396 2706 illerum
411 2625 566 2706 mentibus
582 2638 621 2704 ad
635 2639 808 2724 generalem
822 2657 928 2724 pacem
944 2657 1113 2723 acquasque
1126 2638 1211 2722 pacis
1224 2638 1420 2718 conditiones,
1436 2639 1522 2706 utili·

272 2755 330 2822 tati
345 2755 482 2840 publicae
497 2756 571 2821 haec
587 2757 689 2821 assant
711 2754 876 2839 profutura,
892 2755 980 2820 facile
1002 2773 1058 2820 nos
1073 2753 1254 2821 donaremus
1276 2754 1411 2822 dolorem
1427 2755 1523 2822 animi

274 2871 371 2938 nostri
391 2871 464 2937 Deo.
511 2869 566 2938 Sin
588 2871 691 2938 nutem
709 2873 747 2937 ab
770 2871 842 2937 istis
864 2871 986 2954 patrata
1009 2871 1081 2936 sunt
1101 2871 1138 2936 ut
1152 2870 1237 2936 omni
1258 2872 1364 2938 nostra
1386 2873 1417 2938 ct
1431 2871 1522 2936 huius

274 2987 401 3054 senene
417 2986 504 3054 sens
527 2987 643 3052 cusa
665 2986 846 3052 alcestae
860 2985 960 3052 fena
982 2985 1047 3050 rus
1063 2985 1224 3052 sitatibus
1239 2985 1278 3051 aa
1301 2963 1523 3071 subregulus

273 3103 407 3184 Italiam,
430 3104 504 3168 tnnc
525 3104 557 3170 ct
579 3103 650 3168 tuae
666 3105 755 3168 ser.tiu
775 3102 838 3168 rim
854 3103 1000 3168 virtutem
1016 3101 1257 3186 sapientiammc
1279 3101 1479 3186 impleremus
1494 3101 1524 3167 ct

273 3222 304 3285 te
318 3219 515 3298 obtestamur,
531 3220 566 3285 ut
586 3219 727 3303 prosequi
749 3220 834 3284 tuam
851 3217 973 3284 solitam
995 3217 1126 3303 gloriam
1142 3218 1232 3283 huius
1249 3216 1320 3284 spes
1342 3217 1522 3302 apostolicae

274 3333 477 3426 defendendae
493 3332 580 3400 Sedis
596 3333 680 3400 velis.
713 3333 759 3400 De
773 3334 884 3419 quibus
901 3335 932 3412 et
947 3334 1018 3399 aliis
1034 3334 1142 3399 multis
1157 3353 1227 3400 cum
1242 3334 1282 3399 ael
1296 3332 1523 3418 requisitionem

275 3451 412 3516 nostram
434 3450 678 3516 consultantibus
700 3449 778 3533 ipsis
799 3448 881 3515 inter
910 3469 942 3516 se
965 3453 1049 3515 verati
1075 3449 1144 3516 fratri
1172 3449 1356 3534 Hieronymo
1385 3448 1523 3533 episeopo

275 3565 486 3650 wigorniensi
507 3566 565 3632 iter
587 3567 627 3632 ah
649 3568 679 3632 te
701 3565 799 3632 facere
826 3565 990 3650 obtigisset
1018 3584 1074 3632 nos
1097 3585 1167 3631 cum
1190 3584 1224 3632 oo
1246 3565 1370 3632 homine
1392 3565 1445 3630 tno
1467 3563 1525 3630 tibi

275 3681 454 3748 fidelissimo
477 3683 580 3749 omnia
603 3681 698 3748 animi
721 3681 819 3747 nostri
842 3683 957 3747 secreta
978 3681 1100 3764 penitus
1130 3680 1421 3747 communicavimus
1443 3679 1525 3746 idem

275 3799 308 3863 in
337 3799 479 3864 omnibus
501 3799 533 3864 et
562 3815 617 3863 nos
645 3798 677 3862 et
698 3799 784 3862 tuam
808 3803 914 3862 scr.tom
944 3797 1128 3880 reputantes.
1174 3793 1234 3876 Qui
1263 3816 1333 3863 cum
1362 3815 1397 3862 ea
1424 3799 1524 3862 boum

276 3914 391 3981 nostris
414 3915 514 3979 vorbis
538 3913 656 3997 eopiosa
678 3912 832 3977 locuturus
857 3913 907 3991 sit,
930 3911 1088 3977 hortamur
1104 3915 1208 3977 ser.tem
1224 3913 1311 3979 tuam
1333 3913 1368 3977 nt
1382 3930 1453 3976 enm
1475 3931 1523 3976 ro-

276 4050 345 4096 rum
368 4030 505 4096 emnium
528 4047 604 4114 qnae
633 4028 807 4094 acciderunt
829 4028 961 4094 maxime
990 4046 1120 4112 gnamm
1144 4045 1214 4094 cum
1237 4027 1340 4093 audhe
1363 4027 1524 4112 diligenter

277 4149 345 4212 turn
365 4146 459 4212 fidem
481 4147 531 4212 illi
552 4147 583 4211 et
605 4145 657 4211 dil
679 4145 755 4210 item
778 4142 842 4209 filio
866 4143 980 4210 Ubarte
1000 4142 1155 4210 Gambara
1177 4143 1286 4210 nuncio
1308 4143 1401 4209 isthic
1422 4145 1524 4210 nostro

276 4263 388 4330 habere
410 4263 501 4348 atque
516 4262 601 4328 omni
615 4279 671 4345 ope
689 4262 743 4325 tna
758 4259 917 4326 subvenire
932 4259 1050 4326 nomini
1065 4259 1268 4327 ecclesiastico
1284 4259 1369 4338 velis,
1385 4259 1464 4325 sicut
1479 4260 1525 4324 est

276 4380 330 4444 tua
346 4379 438 4446 solita
451 4379 568 4464 insigni
590 4377 704 4445 virtute
718 4377 750 4442 et
763 4375 878 4459 pietate
894 4376 1025 4443 maxime
1040 4376 1177 4462 dignum.
1208 4376 1324 4442 Datum
1339 4375 1455 4442 Romae
1470 4375 1524 4440 etc.

277 4495 326 4561 die
348 4496 425 4562 xxiv.
450 4493 636 4580 Septembris
660 4492 790 4559 mdnvi.
836 4492 925 4558 Anno
948 4491 1046 4558 tertie.
