3364 5102
756 340 910 413 -324
953 378 998 392 -

338 541 523 610 Beatissimo
551 541 645 625 pater.
696 538 774 606 Cum
802 559 856 625 per
884 541 983 607 bbm
1012 539 1073 606 fere
1103 538 1302 606 Germaniam
1330 539 1507 606 hutberana

248 659 364 725 heresis
386 657 651 742 pamioiosissime‚
673 656 749 739 prob
772 654 865 734 dolor,
888 654 1088 722 disseminata
1110 655 1261 740 pullulare
1287 673 1323 721 ao
1345 655 1447 739 vigere
1469 655 1505 720 in

248 773 313 840 dies
336 774 438 859 magis
461 791 497 839 aa
519 771 620 856 magis
649 769 778 855 incipiat
800 789 860 838 non
881 771 917 836 in
946 770 1133 838 secularibus
1156 770 1246 837 modo
1277 770 1445 838 sedetiam
1468 770 1504 836 iu

247 889 461 956 ecelesiasticis
476 885 621 972 personis,
637 905 693 953 nos
707 904 824 971 quoque
839 905 893 971 pro
903 885 1018 952 viribus
1033 887 1098 952 iam
1107 886 1294 970 supprimere
1309 887 1341 954 et
1349 885 1499 970 extirpare

247 1023 398 1084 donemur,
421 1004 523 1070 ita-ut
544 1002 693 1069 minimus
714 1001 813 1086 ipsius
834 1019 937 1068 rumor
958 1002 992 1069 in
1014 1002 1119 1069 nostra
1141 1001 1255 1068 ditione
1276 1002 1424 1068 hminum
1446 1020 1500 1066 er·

249 1121 362 1198 titerit;
387 1120 500 1186 mirum
515 1118 548 1186 ia
563 1117 688 1185 modum
711 1117 849 1185 dolemus
872 1118 951 1202 quod
966 1138 1028 1185 non
1041 1117 1124 1185 idem
1147 1136 1264 1203 quoque
1279 1117 1336 1184 liat
1357 1117 1500 1185 arioiuis

248 1237 363 1302 cirrum
384 1253 440 1302 nos
462 1234 512 1300 hio
529 1233 716 1318 principibus
738 1233 804 1300 hm
826 1233 1042 1300 aeclesiasticis
1065 1252 1159 1318 qnam
1175 1233 1370 1314 seoularibus,
1392 1233 1446 1319 qui
1462 1235 1497 1299 ut

247 1351 336 1418 nobis
351 1350 478 1430 ridetur,
500 1350 600 1416 multa
615 1348 848 1416 conniventibus
870 1348 965 1415 oeulis
980 1349 1163 1432 permittunt
1185 1351 1217 1415 et
1231 1349 1429 1416 dissimulant
1443 1367 1502 1433 que

248 1486 309 1535 non
331 1466 496 1534 admodum
518 1464 639 1532 diffiniti
661 1483 751 1550 opera
773 1464 921 1549 impedire
944 1466 976 1531 et
998 1465 1160 1549 reprimere
1182 1466 1315 1551 possent
1360 1465 1439 1531 Eam
1461 1466 1500 1531 ob

248 1601 373 1651 oausam
395 1580 571 1648 humillime
593 1581 786 1648 obsecramus
809 1582 844 1646 ut
867 1601 890 1646 s.
912 1600 940 1646 r.
964 1579 1107 1665 dignetur
1129 1581 1206 1666 ipsis
1234 1581 1419 1647 authoritate
1440 1599 1501 1666 qua

249 1697 389 1784 fungItur
417 1696 582 1781 apostoliea
612 1695 757 1762 mandare
786 1697 822 1762 ut
844 1695 1023 1780 diligentius
1053 1695 1245 1781 aliquatenus
1271 1696 1406 1763 bauain
1435 1715 1499 1763 rem

247 1813 493 1880 animadvertant
522 1813 554 1879 et
575 1810 747 1896 inuigilant
771 1831 809 1878 ne
838 1812 928 1878 belua
950 1813 1006 1878 hee
1029 1812 1197 1878 multorum
1226 1813 1363 1896 sapitum
1386 1809 1501 1878 Obsisti

247 1929 405 1996 eeclesiam
428 1929 523 1995 simul
536 1948 607 1994 oum
621 1927 742 2011 pastore
756 1929 788 1994 et
804 1927 911 1995 oribus
928 1928 992 1994 suia
1008 1927 1178 2008 absorbeat,
1200 1926 1390 2013 quodquam
1403 1926 1500 1994 mise·

246 2045 343 2111 rabile
364 2046 396 2110 et
409 2043 555 2111 horribila
577 2043 714 2109 futurum
730 2045 811 2109 asset
834 2042 902 2128 quis
917 2042 1016 2111 dioere
1038 2043 1158 2129 possit?
1180 2041 1247 2109 Nos
1262 2061 1332 2110 rero
1355 2043 1500 2129 quoniam

246 2160 327 2244 apud
341 2159 562 2228 ecclesiastieae
576 2177 720 2244 personas
743 2178 804 2226 non
820 2159 950 2225 minima
964 2159 1056 2225 huius
1079 2157 1156 2226 mali
1178 2160 1298 2244 partem
1314 2160 1411 2226 latere
1426 2178 1499 2227 sen·

244 2276 341 2341 timus
356 2277 387 2342 ot
401 2275 434 2342 in
443 2274 581 2342 Christos
590 2275 716 2340 Domini
730 2293 856 2342 manum
872 2277 1009 2343 nostram
1025 2275 1147 2342 mittere
1163 2293 1224 2342 aon
1239 2274 1394 2356 audemus,
1409 2274 1499 2344 valde

245 2411 305 2457 non
329 2393 428 2458 solum
450 2391 526 2458 utile
548 2390 602 2457 sed
624 2392 655 2457 at
677 2391 882 2458 neeessariam
904 2391 967 2458 fore
990 2389 1141 2458 eredimus
1163 2392 1200 2457 ut
1221 2391 1309 2458 nobis
1331 2395 1497 2477 quoquest

245 2507 353 2574 oetads
380 2506 471 2574 dietis
500 2506 688 2592 principibus
716 2506 913 2574 authoritatis
943 2508 1043 2574 vostre
1065 2507 1231 2592 apostoliae
1259 2508 1403 2575 mandato
1425 2526 1496 2592 per·

245 2621 387 2688 mittatur
408 2622 533 2689 boantis
555 2623 588 2688 in
611 2623 726 2689 restam
748 2621 819 2688 illos
842 2621 1008 2689 christiane
1030 2622 1188 2708 roligionis
1211 2621 1293 2689 mom
1316 2641 1335 2688 a
1357 2622 1496 2708 patribus

244 2738 319 2804 olim
340 2739 517 2806 institutam
539 2741 571 2805 et
592 2738 679 2804 tanto
701 2737 763 2803 iam
786 2739 924 2824 tempore
946 2738 1167 2806 sanedtissima
1189 2738 1382 2806 observatam
1404 2737 1496 2805 redu-

244 2853 332 2921 oendi
354 2873 389 2921 aa
417 2873 487 2921 oum
517 2855 623 2921 affeetu
645 2854 782 2939 eogendi
813 2854 970 2940 supplioiis
993 2854 1088 2921 etiam
1117 2853 1261 2921 extremis
1285 2854 1312 2921 si
1334 2873 1395 2922 non
1417 2855 1521 2933 resi·‚

243 2971 364 3054 puerint
385 2969 546 3037 afficiendi
576 2969 786 3036 Prostabimus
809 2989 897 3036 omne
920 2970 1128 3056 quodcumque
1147 2970 1336 3055 potuerimus
1360 2970 1495 3037 officium

242 3085 336 3151 etiarn
360 3084 387 3151 si
409 3104 481 3169 opes
496 3105 601 3152 omnes
625 3088 745 3152 nostras
761 3104 868 3169 eorpus
891 3087 922 3152 et
938 3085 1037 3153 vitam
1058 3085 1188 3171 denique
1205 3085 1306 3171 ipsam
1319 3085 1495 3171 impendere

241 3199 447 3266 neeessarium
468 3200 568 3279 fuerit
592 3219 653 3267 uon
675 3200 809 3267 defuturi
832 3220 938 3268 sumus
960 3201 1084 3286 negotio
1106 3201 1178 3267 huie
1199 3204 1267 3268 mm
1282 3203 1387 3268 sanato
1409 3203 1492 3268 tam·

241 3335 299 3400 que
314 3335 383 3382 vera
405 3317 574 3383 necessario
599 3317 626 3382 si
645 3316 735 3384 modo
751 3317 967 3384 austeritatem
989 3317 1069 3384 haue
1083 3319 1221 3385 nosbam
1238 3318 1386 3385 siuooram
1401 3336 1494 3404 poam

241 3430 336 3497 edam
359 3430 650 3498 christianissimam
673 3451 739 3499 essa
762 3450 823 3499 non
838 3432 1024 3512 dubitamus,
1048 3433 1310 3519 obedientiamque
1332 3452 1437 3499 reram
1459 3452 1493 3499 ae

240 3545 376 3612 debitam
399 3547 631 3627 confirmaverit
661 3545 842 3614 mandatum
864 3548 1061 3614 authoritatis
1092 3549 1192 3615 restro
1214 3548 1378 3633 apostoliea
1400 3566 1492 3632 quam

240 3660 380 3728 Christm
402 3661 552 3729 Dominus
576 3661 702 3728 aeolesio
725 3681 777 3728 sue
800 3663 1004 3746 gubernaculo
1027 3666 1182 3731 tenentem
1203 3652 1334 3749 longera
1355 3663 1491 3730 inomni

240 3776 386 3843 felicitate
416 3779 579 3844 conservet.
625 3778 669 3843 Er
699 3777 808 3863 oppido
837 3781 942 3845 nostro
964 3779 1102 3846 drnhem
1124 3779 1168 3845 iii.
1191 3779 1357 3846 Februarii
1402 3783 1490 3847 anno

172 3951 182 3968 ,
238 3891 357 3958 mdxxv.
583 3917 585 3922 ¹

1001 4125 1278 4194 obedientissimus
1300 4127 1383 4194 lilius

937 4239 1061 4309 Carolus
1084 4243 1153 4309 Dur
1176 4241 1279 4310 Gelrie
1300 4245 1332 4309 ot
1353 4241 1437 4310 dulia

993 4353 1159 4444 Commqua
1182 4358 1316 4444 Zupauie
1338 4360 1393 4426 oto.

1056 4471 1181 4541 Obarles
1206 4473 1259 4564 (m.
1276 4474 1329 4560 p).
