3400 5088
685 331 929 398 -105-

175 533 266 598 tenus
289 531 337 598 illi
358 531 446 597 nobie
469 531 501 596 et
516 529 585 597 sus
601 528 672 596 Sodi
686 529 868 613 apostolieae
891 527 940 593 cui
954 527 1013 592 lide
1028 524 1167 592 obstricti
1185 525 1267 604 sunt,
1289 524 1428 591 debitum

176 649 322 714 honorem
344 649 375 713 et
390 647 590 713 reverentiam
605 647 761 724 habentes,
784 647 873 730 atque
889 645 928 710 ab
943 643 1027 708 omni
1043 643 1154 708 iniuria
1170 640 1301 707 subditis
1317 641 1430 708 nostris

176 764 333 830 inferenda
356 764 554 842 abstinentes,
578 782 654 846 quae
684 762 778 828 etiam
799 763 833 827 in
856 763 992 826 nostram
1015 759 1161 825 iniuriam
1183 759 1330 824 resultare
1353 778 1427 843 quo·

177 879 340 945 dammodo
370 879 536 957 rideretur,
566 879 671 962 pacate
694 899 730 944 66
758 878 922 962 tranquille
951 876 1062 942 itinera
1092 877 1186 960 agant
1215 893 1251 940 ac
1273 894 1291 938 6
1314 875 1429 958 rapinis

177 996 293 1061 milites
316 997 347 1061 61
369 996 408 1061 ab
431 996 514 1061 omni
536 995 700 1061 insolentia
723 997 853 1072 arceant
883 1014 918 1058 ac
940 993 1078 1058 vicissim
1107 994 1141 1057 tu
1170 992 1203 1058 in
1226 991 1316 1058 dictio
1340 991 1429 1056 terris

176 1111 359 1178 Ursinorum
374 1130 445 1176 cura
468 1113 499 1176 61
513 1112 693 1177 auctoritate
708 1112 866 1196 provideas
883 1113 917 1176 ut
932 1109 1161 1175 transeuntibus
1184 1107 1336 1174 militibus
1352 1107 1429 1191 ipsis

175 1246 338 1311 eorumque
367 1227 549 1306 ductoribus,
574 1230 723 1312 quatenus
747 1247 823 1311 opus
847 1227 897 1306 eit,
926 1226 963 1292 de
986 1225 1169 1291 victualibus
1199 1227 1230 1289 et
1258 1226 1428 1290 commeatu

174 1362 230 1426 pro
253 1343 378 1408 honesto
401 1342 498 1426 pretio
520 1344 607 1428 copia
629 1345 684 1410 1161
706 1345 798 1427 utque
820 1343 962 1427 utrinque
983 1343 1028 1407 ita
1050 1342 1130 1408 inter
1153 1361 1185 1406 se
1208 1341 1310 1425 agant,
1333 1341 1427 1406 alter·

175 1478 234 1542 que
257 1458 387 1524 alterum
409 1461 542 1525 tractent
563 1461 598 1524 ut
613 1478 668 1525 nos
691 1461 851 1526 ambarum
873 1459 1007 1544 partium
1024 1457 1207 1523 modestiam
1230 1457 1261 1522 61
1283 1476 1356 1540 orgo
1373 1477 1427 1522 nos

174 1574 400 1640 observantiam
415 1575 625 1641 commendare
648 1576 829 1661 laudareque
843 1575 1011 1659 pessimum
1031 1573 1111 1658 quod
1133 1572 1316 1657 accipiemus
1340 1592 1426 1638 sum·

177 1710 298 1774 mopere
321 1693 459 1775 gratum3
483 1711 573 1775 super
594 1692 714 1782 quibua¹
728 1692 869 1758 omnibus
892 1691 1028 1775 amplam
1043 1689 1101 1755 tibi
1115 1691 1217 1755 tenore
1240 1687 1427 1772 presentium

172 1807 365 1873 concedimus
395 1807 581 1874 faorrltatem.
626 1809 743 1874 Datum
764 1809 879 1874 Romae
910 1807 959 1872 dio
982 1807 1021 1872 vi.
1044 1805 1151 1871 Martii
1173 1804 1292 1870 mdxxv.
1337 1803 1426 1870 Anno

173 1921 312 1988 seeundo.

740 2037 863 2126 (Foris).

501 2155 620 2222 1111111.
665 2155 754 2222 Anno
777 2154 906 2221 6616116
929 2153 1035 2220 Martii
1057 2154 1096 2219 vi.

629 2267 898 2338 Commissamatus
921 2271 975 2336 etc.

773 2621 823 2686 74.

693 2773 907 2870 Ι11161611.

258 2967 374 3033 Dilecto
397 2968 451 3033 lili.
497 2968 540 3033 111
562 2967 676 3033 litteris
692 2967 863 3033 nobilitatis
887 2969 956 3033 tuae
979 2968 1028 3033 die
1051 2968 1144 3035 161116
1162 2967 1268 3033 Martii
1290 2968 1372 3034 16116
1388 2971 1419 3034 61

167 3104 203 3149 61
226 3083 270 3149 616
299 3102 375 3168 quac
404 3083 456 3148 dil.
479 3085 509 3148 fi.
532 3083 739 3150 Bemardinus
769 3081 967 3150 Castellacius
994 3085 1108 3150 electus
1130 3082 1303 3150 Casalensis
1332 3085 1420 3151 nobis

168 3200 290 3265 rettulit
312 3200 509 3284 cognovimus
532 3219 637 3265 curam
659 3201 690 3265 et
713 3200 950 3268 sollicitudinem
980 3219 1072 3286 quam
1095 3201 1177 3285 geris
1201 3201 1237 3266 de
1260 3221 1420 3267 conserva-

166 3315 249 3381 tione
265 3316 351 3401 regni
365 3315 562 3399 Neapolitani
583 3335 674 3400 quom
690 3316 749 3381 tibi
771 3319 801 3382 61
823 3316 895 3382 fidei
916 3319 987 3382 1666
1009 3337 1082 3402 erga
1097 3317 1327 3384 serenissimum
1342 3315 1418 3384 an-

168 3450 268 3497 sarem
290 3431 448 3498 dominum
477 3434 566 3498 tuum
589 3432 747 3498 conuenire
769 3433 989 3517 intelligimus3
1020 3433 1073 3499 sed
1096 3436 1127 3500 61
1149 3454 1204 3500 166
1229 3454 1289 3500 non
1313 3455 1420 3501 sumus

164 3547 301 3612 cunctati
323 3547 397 3632 quin
412 3566 538 3613 manum
560 3547 647 3613 illum
663 3548 830 3614 militarem
853 3569 910 3633 que
925 3549 957 3614 id
972 3569 1101 3635 regnum
1116 3554 1326 3636 oppugnatum
1345 3553 1419 3632 ibat,

167 3665 288 3747 6666116
310 3663 420 3730 nuncio
435 3663 534 3730 felicis
557 3666 675 3729 vestrae
692 3664 834 3731 notoriae
849 3665 1022 3731 iuberemus
1037 3667 1218 3732 commorari
1240 3669 1271 3734 61
1287 3687 1319 3734 66
1337 3668 1419 3735 intra

169 3779 244 3844 11166
266 3781 386 3846 nostros
409 3779 595 3860 contrahere,
624 3779 792 3864 damusque
814 3800 937 3864 operam
959 3783 994 3846 ut
1016 3783 1082 3848 tota
1104 3782 1297 3863 dissolvatur,
1329 3785 1420 3852 sicuti

167 3892 230 3958 iam
253 3895 355 3979 aliqua
377 3915 413 3960 er
435 3896 520 3979 parte
544 3895 644 3961 661116
667 3897 721 3975 est
752 3895 791 3961 61
814 3896 893 3979 quod
922 3898 1079 3982 negotium
1109 3899 1290 3966 adhibemus
1313 3900 1365 3968 dil.
1388 3902 1418 3967 fi.

168 4009 301 4075 nobilem
323 4011 422 4076 111611
438 4011 591 4077 Aloisium
614 4009 742 4078 Suessae
756 4010 872 4091 ducem
888 4031 1061 4080 caesareum
1084 4015 1164 4098 apud
1182 4033 1237 4082 nos
1260 4018 1419 4097 oratorem,

166 4125 219 4209 qui
241 4127 273 4192 16
295 4126 331 4192 16
346 4125 396 4191 his
418 4127 538 4211 plenius
553 4127 675 4194 edocere
696 4127 816 4211 poterit.
862 4126 1067 4208 Quamobrem
1084 4131 1164 4214 quod
1186 4133 1305 4216 partem
1327 4133 1418 4200 istius

166 4242 312 4308 exercitus
335 4242 395 4308 huc
417 4242 550 4310 destines
572 4244 664 4310 huius
686 4241 814 4328 periculi
827 4245 1024 4328 proprdsandi
1046 4265 1145 4328 causa
1168 4247 1247 4314 nihil
1269 4249 1419 4334 estquod

166 4357 300 4444 anrpliue
322 4358 356 4424 in
378 4377 412 4426 eo
436 4361 490 4426 tua
512 4359 658 4427 nobilitas
681 4359 807 4439 laboret
829 4361 935 4426 nostra
957 4362 1130 4430 enimcum
1151 4363 1254 4430 omnia
1276 4364 1416 4450 prouide-

165 4473 279 4540 buntur
301 4474 354 4559 qui
376 4476 481 4541 161161
503 4475 661 4561 dissipatis
692 4474 830 4560 reliquiis
859 4478 1027 4544 multorum
1055 4479 1250 4546 innocentum
1273 4480 1353 4565 quod
1375 4481 1414 4547 61
