3346 5084
693 340 937 408 -481-

186 537 282 604 luisse
295 555 375 604 anno
390 536 559 604 dominicae
573 535 792 602 incarnationis
807 537 1072 621 noningentesimo
1087 540 1285 626 nonagesimo
1308 545 1438 629 septimo

187 653 236 719 die
258 652 452 720 calendamm
475 651 626 717 Maiarum
641 649 807 718 indictione
830 651 869 717 ri
885 653 942 717 sub
965 652 1204 722 clementissimo
1219 657 1347 742 imperio
1370 679 1437 727 me·

187 769 299 837 morati
320 768 466 853 principis
490 766 614 834 Ottonis
638 767 720 832 tertii
749 767 803 832 ubi
825 768 975 834 eiusmodi
996 769 1088 835 verba
1117 771 1230 856 scripta
1252 777 1343 858 atque
1365 795 1437 842 era-

187 887 254 950 rata
276 884 428 969 leguntur,
450 883 603 948 videlieet:

278 999 520 1084 „Perpetualiter
536 999 668 1064 Domino
683 1000 787 1064 nostro
802 997 877 1064 Jesu
893 995 1013 1065 Christo
1028 1004 1175 1086 regnante
1197 1008 1304 1088 quarto
1323 1006 1439 1074 decimo

187 1134 266 1182 anno
288 1117 358 1200 post
379 1113 579 1180 millesimum
608 1113 781 1179 divinitatis
803 1114 1003 1179 mortalitatis
1032 1121 1208 1202 assumptae
1232 1131 1288 1188 sub
1311 1122 1438 1206 imperio

187 1231 347 1298 clementis
376 1231 500 1314 augusti
529 1229 645 1296 domini
668 1229 793 1296 Headui
822 1228 855 1294 in
883 1228 974 1296 tertio
996 1250 1075 1298 anno
1103 1252 1156 1317 per
1184 1238 1324 1318 quartam
1355 1238 1438 1306 deci-

187 1367 271 1415 mam
286 1346 482 1430 olimpiadem
506 1344 602 1430 pridie
617 1345 810 1412 calendamm
830 1344 981 1411 Maiarum
997 1352 1181 1433 congregata
1195 1352 1243 1417 est
1257 1355 1440 1422 uenerabilis

187 1464 311 1532 sinodus
340 1465 462 1547 patrum
491 1462 524 1527 in
553 1461 680 1526 ecelesia
702 1460 929 1528 Rauennatensi
958 1462 1007 1527 oui
1036 1465 1216 1532 vocabulum
1239 1470 1288 1534 est
1317 1472 1439 1538 sanotae

187 1579 429 1648 Resurrectionis
452 1577 531 1642 infra
554 1577 658 1662 portas
681 1577 811 1642 maiores
834 1577 891 1642 sub
913 1577 1048 1664 imagine
1072 1577 1239 1647 Salvatoris
1268 1584 1439 1668 presidente

186 1697 220 1762 in
242 1715 276 1769 ea
299 1695 494 1761 sanctissimo
522 1713 556 1760 ao
588 1692 754 1760 venerabili
775 1691 910 1758 Arnaldo
939 1694 1163 1780 archiepiscopo
1193 1698 1274 1765 sedis
1303 1701 1439 1770 eiusdem

188 1811 339 1896 simulque
362 1829 431 1878 cum
454 1829 489 1876 eo
511 1809 706 1876 celeberrimo
736 1810 827 1892 atque
851 1809 882 1874 in
906 1808 1027 1876 Christo
1057 1810 1238 1879 fidelissimo
1261 1813 1438 1900 Sigeniredo

187 1926 413 1993 Placentinensi
442 1925 581 2010 episcopo
611 1925 740 2008 aliisque
763 1925 902 2008 patribus
924 1926 1064 2010 pluribus
1086 1929 1246 2011 Aemiliae,
1269 1932 1439 2002 Flaminiae

187 2045 277 2126 atque
299 2041 475 2125 Pentapolis
506 2041 730 2124 prouinciarum
760 2042 917 2106 exarcatus
940 2042 1102 2110 Ravennae
1131 2064 1202 2112 oum
1231 2047 1339 2114 multis
1368 2050 1439 2118 aliis

186 2158 373 2224 diuersorum
398 2156 538 2223 ordinum
561 2155 705 2223 eeclesiae
728 2157 850 2222 sanctae
867 2156 940 2234 Dei3
962 2156 1094 2224 relatum
1108 2160 1155 2225 est
1170 2161 1202 2225 in
1222 2164 1336 2246 synodo
1359 2165 1440 2248 quod

186 2275 219 2338 in
242 2272 554 2339 viduitatoeoolosiao
576 2272 818 2338 Rauennatensis
840 2290 917 2356 quae
937 2291 991 2356 pro
1014 2276 1146 2358 peccatis
1168 2278 1282 2344 nostris
1297 2280 1439 2347 undecim

186 2390 275 2456 annis
290 2389 382 2454 vidua
403 2389 549 2467 mansit“,
572 2387 741 2472 etreliqua
763 2389 852 2472 prout
868 2390 1034 2472 sequuntur
1056 2390 1089 2456 in
1111 2390 1193 2456 dicta
1215 2394 1328 2478 synodo
1343 2415 1438 2479 usque

187 2506 226 2571 ad
248 2506 342 2570 finem
364 2504 450 2570 ouius
473 2505 528 2582 est
554 2505 606 2582 „et
629 2503 657 2568 si
679 2503 768 2569 aliter
790 2503 895 2569 lecerit
917 2505 1127 2571 communione
1150 2507 1314 2590 privetur&

277 2621 321 2686 llr
336 2620 414 2686 libro
423 2618 556 2685 Pomerii
572 2619 714 2686 ecclesiae
724 2620 967 2686 Ravennateusis
982 2621 1068 2686 ouius
1083 2622 1266 2707 principium
1283 2629 1330 2692 est
1340 2627 1439 2706 ‚uber

188 2735 362 2802 Pomerium
376 2735 520 2800 ecelesiae
535 2735 776 2802 Ravennatensis
791 2734 899 2820 incipit
914 2735 1081 2802 instantiae
1096 2756 1167 2804 suae
1184 2741 1370 2808 venerandus
1393 2763 1436 2827 pr.

187 2851 320 2917 Miohuel
342 2853 464 2916 sanctae
485 2851 727 2917 Ravennatensis
750 2850 924 2930 6661661661ἱ
942 2852 973 2916 61
994 2853 1064 2935 post
1086 2852 1161 2918 duas
1183 2857 1283 2921 cartas
1309 2859 1439 2944 ‚incipit

187 2969 265 3034 liber
288 2966 448 3034 Ricobaldi
470 2965 673 3032 Ferrariensis
696 2965 733 3031 de
760 2965 867 3031 istoria
889 2967 1028 3034 Romana
1057 2969 1089 3034 et
1117 2968 1154 3034 de
1184 2970 1255 3036 aliis
1284 2975 1439 3058 congestis

188 3083 366 3168 compendio
382 3101 400 3148 6
416 3082 522 3148 mundi
537 3081 687 3166 principio
703 3081 845 3164 usquead
855 3081 928 3148 haec
944 3083 1081 3166 tempora
1096 3083 1206 3169 incipit
1219 3086 1298 3153 liber
1312 3089 1438 3172 primm,

188 3201 220 3264 et
234 3198 429 3283 postmodum
445 3198 579 3262 excelsus
595 3197 678 3261 Deus
695 3196 774 3261 sicul
789 3215 842 3280 per
858 3196 990 3262 scribam
1014 3217 1104 3264 suum
1119 3197 1266 3284 Moysen‘
1290 3203 1343 3287 qui
1361 3202 1439 3271 liber

189 3315 237 3380 est
264 3313 298 3379 in
327 3311 515 3379 membranis
544 3312 736 3396 pervetustus
766 3313 797 3376 et
826 3313 964 3378 servatur
986 3312 1019 3376 in
1049 3314 1221 3398 supradicta
1253 3316 1439 3386 bibliotheca

189 3432 311 3498 sanctae
321 3427 563 3494 Ravennatensis
578 3426 720 3494 ecelesiae
730 3427 932 3512 paginamque
941 3430 1083 3512 quartam
1097 3429 1211 3513 pictam
1221 3450 1287 3498 esse
1297 3434 1439 3500 omnibns
1456 3419 1458 3422 ⁵

189 3546 315 3631 apparet
336 3543 464 3628 picturis
485 3543 520 3609 in
542 3542 680 3627 margine
695 3541 821 3608 variatis
844 3562 915 3608 cum
936 3543 1112 3628 insignibus
1134 3546 1291 3612 nonnullis
1313 3549 1345 3614 et
1359 3549 1439 3616 eirca

189 3661 282 3728 finem
304 3661 402 3744 ipsius
424 3658 497 3725 libri
513 3660 662 3724 tractatur
684 3659 721 3725 de
744 3657 919 3742 regionibus
933 3659 1078 3744 Eumpae,
1102 3661 1133 3726 et
1155 3660 1191 3726 de
1214 3661 1345 3729 aliarum
1367 3683 1439 3749 pro-

190 3777 359 3844 vinciarum
382 3775 583 3859 descriptione
612 3773 703 3840 etde
726 3773 864 3858 partibus
887 3775 996 3840 Italiae
1025 3775 1105 3842 inter
1127 3795 1203 3862 quas
1225 3779 1387 3860 Flaminia,
1409 3783 1441 3848 et

190 3893 324 3961 Aemilia
346 3910 413 3958 esse
435 3891 626 3975 reperiuntur
648 3891 680 3956 et
701 3890 735 3955 in
756 3889 865 3973 primis
888 3890 925 3956 de
948 3891 1100 3958 Flaminia
1123 3893 1222 3979 capite
1241 3895 1304 3962 LX.
1322 3896 1367 3962 sic
1388 3896 1439 3964 in·

191 4009 298 4095 quiens
322 4007 470 4074 videlicet

282 4123 430 4201 „Decima
451 4123 606 4190 Flaminia
629 4142 647 4188 6
669 4122 821 4189 Flaminio
844 4122 962 4207 preside
984 4124 1017 4190 in
1044 4144 1103 4210 qua
1127 4128 1199 4193 sunt
1220 4127 1383 4195 Ravennae
1410 4133 1442 4197 61

192 4240 325 4325 quinque
340 4240 418 4304 aliae
434 4240 583 4318 civitates,
607 4241 638 4304 et
652 4238 808 4318 Faventia,
823 4239 1011 4320 Forumlivii,
1028 4242 1289 4327 Fommpompilii‚
1308 4242 1441 4312 Caesena

192 4361 223 4423 et
245 4355 360 4435 Cernis,
382 4355 420 4420 de
441 4355 602 4435 Ariminio,
623 4355 658 4420 in
679 4354 772 4420 dubio
794 4373 867 4420 nam
890 4355 1014 4439 quidam
1039 4358 1199 4442 scriptores
1226 4357 1351 4425 uadunt
1373 4379 1441 4425 eam

192 4473 298 4539 urbem
321 4470 502 4537 aRomanis
521 4471 552 4537 in
569 4467 671 4536 Gallia
694 4470 848 4538 conditum
871 4473 903 4537 61
922 4471 965 4536 616
989 4470 1048 4538 erit
1069 4473 1102 4538 in
1117 4473 1278 4554 Flaminia,
1301 4475 1441 4544 Lucanus

247 4597 346 4646 *aare
361 4599 467 4635 01......o.
483 4597 528 4636 vn
1239 4583 1280 4650 31
