3396 5090
751 323 1016 392 ...coe-

265 519 331 583 tam
345 517 513 585 veluntatis
528 519 650 585 nestrae
666 535 758 604 quarn
774 519 959 586 christianae
974 518 1158 605 reipublicae
1171 521 1204 586 et
1217 519 1388 588 cummunis
1406 520 1518 588 suum

266 633 344 702 ratio
366 635 414 701 est
436 633 584 702 habenta.
630 633 711 716 Quid
732 634 835 721 itaque
850 635 1052 704 constitutum
1075 636 1196 703 anobis
1220 635 1270 716 sit
1292 654 1328 703 er
1349 634 1417 722 ipse
1430 635 1518 704 Livio

265 750 442 836 intelligent
470 751 577 818 nob.tes
607 751 739 829 vestram
769 751 880 836 quibus
903 753 934 819 et
955 751 1078 837 probari
1107 753 1246 836 cupimus
1275 752 1333 820 bec
1355 752 1518 820 eonsilium

265 867 414 946 nostrum,
437 866 469 933 et
489 885 669 950 persuasum
684 885 759 949 esse,
781 867 919 952 ipsarum
941 887 1076 936 amorem
1098 869 1189 954 atque
1204 867 1343 936 animum
1365 886 1438 954 erga
1460 887 1517 935 nes

267 981 463 1068 singularem,
487 985 522 1048 nt
543 1002 577 1050 ec
600 1001 655 1050 sue
678 984 813 1068 tempere
828 983 874 1049 uti
896 984 1058 1068 pessimus,
1081 1002 1100 1049 a
1122 983 1210 1052 uobis
1225 985 1258 1050 in
1273 984 1421 1052 memoria
1442 1003 1517 1052 cen-

266 1097 388 1164 serrari
432 1098 548 1165 Datum
571 1099 686 1166 Romae
709 1119 754 1165 xx.
777 1099 955 1166 Decembris
976 1099 1096 1168 mcxxv.
1141 1099 1230 1168 Anne
1253 1099 1351 1167 tertie.

354 1327 526 1396 Marcbieni
548 1327 667 1398 Guasti
715 1331 878 1398 Pollicetur
893 1351 984 1399 suum
999 1349 1134 1399 umorem
1156 1350 1192 1398 ae
1207 1331 1445 1400 benivolentiam
1459 1332 1517 1398 etc.

265 1464 310 1511 rx.
334 1445 511 1512 Decembris
532 1445 652 1514 mdnr.

849 1709 922 1776 159.

761 1873 1017 1936 Arcnruuer.

246 2085 249 2090 .
353 2028 474 2095 Dilecte
487 2025 542 2095 fili
588 2025 731 2095 Studium
746 2031 886 2097 uestrum
908 2030 940 2096 et
954 2047 1040 2097 amer
1055 2047 1129 2114 erga
1144 2029 1375 2096 serenissimum
1389 2029 1516 2096 nauem

265 2144 353 2212 tuum
376 2162 447 2211 cum
463 2162 522 2230 que
544 2143 691 2212 nobilitas
714 2162 831 2229 quoque
845 2148 900 2212 un
921 2145 955 2212 iu
977 2145 1081 2213 anime
1103 2147 1207 2212 nestro
1222 2143 1439 2230 comprehensa
1460 2145 1517 2224 est

265 2277 317 2326 eas
340 2259 404 2325 iam
426 2259 492 2345 egit
514 2259 638 2341 radicet,
661 2263 697 2326 ut
718 2261 804 2328 nulla
826 2279 858 2328 re
880 2277 936 2328 nec
957 2278 1050 2328 causa
1071 2261 1170 2346 possit
1186 2261 1331 2327 imminui
1353 2279 1408 2328 uec
1428 2261 1515 2328 labe·

265 2375 382 2442 noran
428 2373 521 2442 Cuius
543 2375 587 2443 rei
602 2377 702 2443 multa
723 2376 835 2444 iudicia
858 2375 944 2458 abas,
966 2377 1102 2461 proxime
1118 2395 1186 2444 vere
1209 2377 1259 2443 his
1281 2377 1386 2462 paucis
1409 2375 1517 2443 diebus

266 2492 435 2558 marimum
459 2492 537 2558 illud
558 2491 697 2559 dedimus
720 2492 808 2579 qued,
831 2493 962 2560 turbabis
992 2495 1024 2560 et
1045 2493 1168 2561 offensis
1198 2491 1311 2558 animis
1339 2493 1517 2559 cunctorum

266 2609 389 2692 propter
410 2607 578 2675 ueritatem
602 2609 702 2674 status
718 2589 963 2687 Mediolanensis
986 2627 1056 2675 cum
1079 2608 1117 2674 ad
1140 2627 1195 2677 nes
1218 2608 1313 2674 etiam
1334 2607 1439 2692 gravis
1462 2625 1516 2674 su·

268 2721 362 2808 spicio
385 2723 416 2790 et
437 2725 539 2791 metus
561 2723 735 2808 pertineret,
765 2744 803 2793 ne
825 2744 861 2791 ex
882 2724 937 2790 illc
966 2725 1116 2809 principie
1138 2724 1177 2791 ab
1207 2724 1386 2792 scrutatam
1409 2725 1440 2790 et
1461 2741 1518 2807 ep·

266 2838 454 2923 pressionem
476 2837 585 2906 ltaliae
607 2839 722 2925 gradus
745 2842 827 2907 esset
848 2823 962 2918 iactum
991 2839 1142 2908 voluimus
1164 2841 1269 2907 tamen
1291 2840 1395 2907 emnia
1417 2838 1519 2925 petius

267 2955 441 3022 existimare
470 2975 563 3041 quam
592 2953 711 3022 medere
735 2935 894 3023 Caesarem
923 2953 1024 3041 ipsum
1047 2958 1113 3023 tam
1142 2957 1264 3041 apertae
1285 2957 1317 3022 et
1339 2955 1519 3022 manifestae

245 3070 443 3156 cupiditatis
472 3072 624 3140 aucturam
655 3091 736 3151 esse,
766 3091 835 3138 cum
864 3071 930 3138 eius
959 3071 1093 3156 optimae
1121 3073 1153 3139 et
1182 3071 1394 3138 sanctissimae
1422 3069 1521 3137 menti

268 3187 325 3255 bec
346 3187 462 3254 factum
484 3187 751 3255 vehementissime
780 3189 971 3273 repugnaret
1015 3188 1123 3272 Itaque
1151 3207 1222 3254 cum
1244 3188 1358 3254 missus
1381 3187 1449 3254 neb.
1471 3185 1520 3252 vir

268 3302 402 3370 venisset
424 3301 463 3368 ud
485 3322 541 3370 nes
564 3301 616 3368 dit.
639 3303 722 3369 tilius
744 3302 972 3370 commendator
994 3303 1133 3382 Herreru
1160 3304 1251 3370 homo
1273 3303 1386 3388 probus
1407 3303 1440 3370 et
1461 3300 1517 3369 ad·

267 3417 392 3485 medum
415 3417 547 3503 prudens
569 3437 639 3484 curn
654 3419 809 3486 mandatis
831 3422 863 3485 et
876 3419 989 3486 litteris
1012 3419 1122 3503 quibus
1150 3419 1186 3486 de
1201 3420 1358 3486 voluntate
1380 3415 1520 3486 Caesaris

268 3533 308 3599 ad
328 3553 434 3619 pacem
457 3535 489 3600 et
510 3533 669 3619 publicum
690 3536 804 3602 benum
826 3553 975 3620 propensa
998 3535 1237 3620 significabatur,
1267 3534 1412 3602 adversus
1436 3533 1518 3600 mul·

271 3796 315 3844 bce
333 3797 450 3858 aermnae
468 3797 562 3846 ararmt
581 3795 651 3856 Deus,
669 3797 788 3854 murisque
810 3795 883 3844 tonet
901 3801 928 3844 ut
945 3799 1024 3844 restra
1045 3795 1187 3844 aucteritate
1204 3801 1228 3844 et
1247 3808 1319 3856 opera
1341 3795 1520 3852 interveniente.

267 3894 344 3942 nutura
363 3891 469 3944 casuri·
486 3895 516 3942 ed
532 3906 613 3956 pacem
631 3896 657 3942 et
674 3895 791 3942 iustitiam
808 3892 905 3952 directe,
924 3895 1016 3954 populis
1029 3895 1127 3952 illisqui
1147 3893 1234 3943 Christi
1248 3907 1332 3942 nemen
1344 3898 1370 3942 et
1383 3893 1451 3941 tuem
1469 3905 1518 3940 am·

268 3992 403 4052 plectuntur
421 3991 557 4040 stabtlietur
579 4004 634 4040 vera
651 3992 676 4039 et
698 3991 828 4040 necessaria
849 4004 902 4051 pax.
940 3992 988 4039 Nur
1010 3993 1036 4050 tn
1058 3993 1165 4041 omuibus
1187 3992 1292 4040 consiliis
1319 3991 1407 4040 uestris
1430 3990 1520 4038 ean·-

268 4091 334 4140 tuan
352 4090 490 4152 participem
512 4090 632 4139 uobiscum
656 4089 761 4149 tacturus,
779 4092 807 4138 ut
828 4091 881 4150 ipra
898 4102 940 4151 pre
958 4089 1070 4146 siuaeuiari
1093 4103 1136 4138 sua
1154 4091 1241 4138 virtute
1260 4093 1286 4138 et
1302 4089 1333 4138 ad
1351 4101 1388 4138 reu
1406 4087 1520 4149 cretenau

268 4187 398 4236 mainburc
423 4188 501 4244 reneri
520 4187 677 4249 procurantes
698 4187 813 4244 adinum
830 4187 897 4236 uubis
915 4200 995 4235 curam
1013 4190 1038 4235 et
1055 4187 1204 4249 prudentium
1225 4201 1298 4246 ruam,
1320 4189 1346 4236 et
1363 4187 1384 4234 ai
1407 4184 1521 4235 nolam

269 4287 329 4344 quau
344 4287 408 4334 absit
419 4287 613 4344 turbulentaeque
631 4285 745 4344 renarint,
762 4285 793 4334 ad
809 4286 1004 4346 antecellentes
1016 4299 1082 4346 cperu
1101 4287 1206 4334 conterat
1217 4293 1243 4334 et
1254 4287 1425 4334 cauteriantem.
1456 4283 1523 4333 Sicut

268 4387 311 4434 aar
327 4397 383 4444 ersa
399 4397 443 4434 uua
461 4383 618 4432 benivolentia
634 4389 660 4432 et
677 4385 703 4431 iu
721 4385 812 4440 munia
829 4383 897 4432 rebar
915 4383 1073 4440 ruberuaudia
1095 4385 1193 4432 censitio
1211 4383 1266 4432 irati
1289 4389 1314 4431 te
1331 4383 1447 4432 maurum
1465 4395 1519 4430 rcu-

267 4481 369 4536 tunm
