3396 5090
819 316 1065 387 -194-

312 512 509 594 accesseritis‚
532 513 612 579 nihil
633 515 742 580 horum
765 533 835 580 cum
857 514 930 596 Dec,
952 516 985 580 et
1006 533 1077 580 eum
1099 515 1178 581 bona
1198 513 1383 581 conscientia
1403 532 1570 600 possumus

311 631 417 710 facere,
441 631 520 697 sieut
542 632 574 697 et
596 649 649 696 vos
672 631 786 714 optime
809 650 844 696 en
868 631 962 698 sacris
985 631 1151 698 canonibus
1174 631 1205 698 et
1220 631 1305 696 cmni
1326 629 1430 698 divino
1451 630 1568 698 huma-

311 766 408 833 neque
422 747 488 814 iure
502 765 680 832 cognoscere
695 747 832 831 potestis.
872 748 987 814 Datum
1003 749 1119 814 Romae
1134 747 1183 813 die
1197 747 1235 814 xi
1252 747 1429 815 Decembris
1444 747 1568 814 mdxxv.

310 865 399 932 Anno
422 864 521 932 tertie.

903 1072 975 1138 149.

821 1211 1056 1271 Helvetiis.

396 1329 510 1397 Dilecti
531 1329 589 1396 tilii
605 1329 736 1397 salutem
753 1330 809 1395 etc.
853 1328 893 1397 Iu
906 1329 1054 1396 memoris
1074 1329 1224 1396 habemus
1239 1329 1378 1414 pluribus
1393 1329 1457 1397 iam
1472 1349 1562 1400 men-

308 1445 392 1512 sibus
415 1446 536 1531 elapsis,
560 1465 628 1512 cum
651 1445 742 1511 huius
759 1463 854 1512 nuvae
876 1449 907 1512 et
928 1445 1041 1531 impiae
1063 1445 1199 1513 haeresis
1222 1443 1305 1512 brror
1326 1445 1360 1511 in
1381 1444 1443 1512 ista
1459 1446 1564 1513 uestra

305 1562 475 1629 fortissima
496 1563 527 1629 et
550 1562 638 1629 nobis
662 1581 780 1628 summe
810 1562 921 1628 dilecta
943 1562 1075 1642 natione,
1103 1562 1185 1629 inter
1207 1561 1325 1646 adquae
1354 1561 1439 1630 virus
1469 1581 1560 1630 suum

306 1697 447 1764 spargere
469 1679 607 1764 cepisset,
637 1680 760 1763 regatus
782 1698 839 1745 nos
862 1696 881 1744 e
902 1679 1055 1764 plerisque
1077 1680 1213 1744 vestrum
1236 1677 1340 1758 fuisse,
1368 1677 1479 1764 quibus
1500 1677 1562 1744 Dei

304 1795 522 1880 omnipotentis
544 1796 648 1873 honor,
680 1795 711 1860 et
735 1792 807 1860 fidei
829 1794 996 1863 catholicae
1018 1813 1090 1861 cura
1122 1794 1224 1860 animo
1246 1792 1410 1874 insidebat,
1442 1793 1479 1860 ut
1499 1793 1558 1860 ho·

304 1911 420 1978 minem
441 1911 543 1976 isthuc
573 1909 695 1976 mittere
718 1910 750 1976 et
778 1909 991 1977 auctoritatem
1012 1911 1152 1976 nostram
1181 1909 1372 1994 interponam
1401 1908 1559 1989 vellemus,

303 2027 465 2110 queminus
494 2026 655 2092 haereticis
683 2024 736 2109 qui
759 2025 905 2090 vexillum
935 2023 1088 2092 Sullanae
1117 2024 1262 2090 adversus
1292 2043 1411 2092 crucem
1441 2022 1558 2090 Christi

303 2141 418 2226 erigere
433 2142 628 2220 conabantur,
644 2159 733 2226 agere
748 2140 856 2226 predas
872 2142 1054 2223 animarum,
1078 2142 1109 2207 et
1124 2140 1270 2207 invictam
1285 2139 1380 2207 istam
1399 2141 1557 2207 nationem

303 2257 446 2324 dedecore
460 2257 702 2342 detrimentoque
725 2256 853 2335 afficere,
876 2275 934 2341 quo
949 2258 1085 2342 tempere
1107 2275 1172 2337 nos,
1195 2275 1265 2322 cunr
1288 2257 1320 2323 et
1333 2256 1559 2340 postulatarum

301 2373 471 2438 uestrorum
494 2371 622 2456 equitas,
645 2375 676 2438 et
699 2372 801 2438 noster
824 2391 897 2456 erga
920 2391 973 2438 vos
996 2372 1162 2458 singularis
1185 2390 1279 2452 amur,
1307 2390 1429 2439 omnem
1451 2391 1559 2440 curam

301 2487 338 2553 de
360 2465 446 2554 vebis
469 2487 559 2555 etde
590 2489 687 2554 salute
718 2489 819 2553 vestra
849 2488 1001 2574 suscipere
1031 2507 1086 2555 nus
1116 2489 1245 2573 cogeret,
1276 2487 1420 2554 misimus
1451 2505 1557 2555 ven.nm

298 2602 426 2670 fratrem
447 2604 582 2672 Ennium
604 2604 779 2688 episcopum
802 2604 990 2670 Verulanum
1006 2604 1150 2670 nuncium
1172 2605 1314 2671 nestrum
1336 2605 1413 2671 bene
1434 2602 1553 2670 instru-

298 2721 383 2785 ctum
405 2719 541 2786 consiliis
556 2720 670 2786 nestris
685 2721 836 2800 omnibus,
860 2739 950 2805 quern
974 2721 1170 2804 sperabamus
1185 2720 1243 2785 boc
1265 2719 1359 2787 etiarn
1378 2720 1442 2786 lore
1465 2718 1554 2786 vobis

298 2836 463 2922 gratiorem
486 2837 743 2921 acceptioremque
765 2835 888 2921 quodie
911 2835 963 2901 diu
980 2837 1070 2902 antea
1093 2836 1172 2902 inter
1195 2855 1248 2902 ves
1265 2833 1353 2902 Sedis
1369 2836 1554 2920 apostelicae

297 2951 420 3018 nomine
442 2953 588 3032 versatus,
611 2953 644 3017 et
658 2951 744 3017 vebis
767 2952 907 3036 cognitus
933 2971 1087 3018 summurn
1107 2951 1244 3017 studium
1266 2970 1339 3036 erga
1361 2969 1410 3018 res
1433 2953 1552 3018 uestras

298 3068 330 3134 et
352 3086 505 3134 summam
527 3067 765 3133 benivolentiam
786 3066 951 3144 retinebat;
976 3086 1035 3152 qua
1051 3087 1104 3152 spe
1126 3070 1157 3133 et
1173 3065 1313 3152 opinione
1335 3068 1440 3133 nostru
1458 3085 1550 3152 quam

297 3183 444 3250 fuerimus
466 3181 614 3262 frustrati,
642 3201 696 3248 vos
727 3182 841 3267 optime
870 3184 976 3248 nostis.
1022 3182 1105 3248 Nam
1127 3202 1224 3268 neque
1253 3183 1302 3248 illi
1329 3183 1409 3249 liber
1437 3181 1549 3262 uditus,

295 3299 421 3384 tutaque
444 3297 572 3364 neurus
595 3299 674 3363 inter
697 3317 750 3364 ves
773 3297 915 3365 versandi
937 3298 1009 3364 data
1031 3299 1070 3365 ub
1093 3298 1137 3365 eis
1161 3300 1302 3364 omnibus
1325 3319 1401 3385 ques
1424 3299 1550 3365 decebat
1672 3329 1673 3343 κ

295 3413 362 3495 tuit,
385 3416 417 3480 et
438 3416 518 3480 certe
541 3434 610 3479 rum
631 3433 702 3478 eum
724 3416 824 3480 vestro
848 3414 1045 3498 potissimum
1068 3417 1178 3499 rogatu
1199 3413 1239 3479 ad
1260 3433 1314 3481 vcs
1344 3414 1548 3494 misissemus,

294 3528 382 3614 digni
403 3530 526 3608 furimus,
556 3529 636 3615 qued
658 3529 691 3595 in
713 3529 823 3595 nuncio
853 3531 884 3595 et
906 3530 1029 3595 homine
1059 3530 1189 3615 benigne
1220 3530 1394 3614 excipiendo
1423 3530 1547 3596 honoris

293 3645 371 3710 ratio
394 3645 561 3711 haberetur.
609 3645 649 3710 Et
672 3647 775 3711 tamen
798 3663 859 3711 nen
881 3646 920 3712 cb
943 3645 1022 3711 hanc
1037 3665 1161 3711 causam
1185 3664 1203 3710 a
1226 3647 1326 3713 vetere
1349 3648 1380 3712 et
1401 3647 1546 3732 perpetuo

292 3763 395 3826 nostro
417 3780 518 3827 amere
541 3779 613 3846 erga
637 3779 690 3826 vos
713 3760 898 3841 destitimus,
929 3761 982 3826 sed
1004 3761 1159 3845 cupientes
1184 3781 1303 3846 semper
1325 3781 1394 3828 earu
1417 3761 1543 3828 coniun-

291 3875 431 3956 ctionem,
461 3896 553 3962 quam
575 3875 732 3942 vobiscum
760 3875 854 3942 hebet
875 3875 986 3942 Sancta
1010 3877 1101 3944 Sedes
1125 3877 1298 3960 apostolica,
1328 3875 1361 3943 in
1390 3876 1456 3943 dies
1478 3876 1545 3942 fieri

292 3992 453 4058 arctiorem
482 3994 513 4058 ct
536 3993 563 4057 si
586 4011 662 4076 quae
690 3991 918 4057 intercedebant
941 3992 1080 4077 querelae
1109 3993 1299 4078 pecuniariae
1322 4012 1373 4058 eas
1395 3993 1429 4059 in
1458 3993 1544 4058 tanta

291 4104 378 4173 Sedis
393 4108 576 4192 apostelicae
598 4108 709 4192 inopia,
733 4109 767 4172 ut
789 4107 944 4191 potuimus
959 4109 1157 4194 plapavimus,
1180 4110 1325 4194 vobisque
1347 4109 1380 4174 in
1403 4128 1436 4175 re
1458 4107 1541 4174 omni

289 4221 388 4306 quoad
410 4222 517 4288 datum
540 4224 599 4289 fuit
621 4223 794 4289 curavimus
818 4223 1000 4290 satisfacere.
1046 4225 1086 4290 nt
1108 4245 1188 4290 nuuc
1210 4243 1327 4311 queque
1347 4244 1417 4290 cum
1439 4222 1541 4290 dilecti

289 4337 347 4402 tilii
362 4337 555 4404 Turricenses
570 4338 693 4404 homine
717 4355 771 4404 suu
793 4338 832 4404 ud
855 4358 911 4405 nos
926 4339 1031 4420 misso,
1054 4339 1220 4424 quamdam
1236 4345 1369 4407 veterem
1384 4357 1537 4406 summam

290 4451 436 4540 pecuniae
456 4472 476 4520 a
497 4453 585 4521 nobis
599 4455 745 4540 peterent,
768 4473 861 4542 quam
875 4453 1009 4522 dicerent
1032 4455 1093 4522 sibi
1115 4456 1209 4524 fuisse
1224 4456 1370 4538 debitam,
1392 4474 1453 4522 uun
1475 4457 1538 4522 iarn
