3346 5084
795 418 1039 489 ..443ὠ

289 613 390 684 locum
413 634 485 682 suae
514 613 734 682 iurisdictionis
757 618 788 682 et
816 616 924 684 boram
953 615 1164 697 determinari,
1192 615 1226 682 in
1255 636 1315 701 qua
1343 615 1392 683 ius
1419 613 1551 686 reddere

289 733 422 799 intendit
444 733 477 798 in
492 750 583 798 causa
597 731 722 818 profeta.
753 731 818 799 Neo
841 752 902 799 non
916 732 991 818 eligi
1014 735 1045 798 st
1059 733 1199 817 deputari
1221 732 1374 800 notarium
1397 735 1548 802 idoneum

290 848 491 914 sufficientem
514 851 545 915 ot
566 848 707 933 peritum,
730 848 783 933 qui
804 848 916 914 babeat
938 850 970 914 ot
984 848 1082 933 possit
1105 866 1136 914 se
1158 867 1266 932 rogaro
1289 867 1343 915 seu
1365 851 1547 934 apartibus

290 965 390 1050 rogari
412 964 451 1031 de
465 964 607 1030 omnibus
623 965 654 1030 st
670 963 801 1048 singulis
824 964 910 1044 actis,
927 963 1117 1049 processibus
1139 963 1275 1044 testium,
1296 964 1487 1045 iuramentis,
1513 965 1546 1030 et
1651 953 1652 980 ¹

289 1099 392 1146 eorum
423 1080 672 1163 depositionibus,
702 1081 733 1145 ot
755 1099 808 1146 ssu
838 1080 1086 1147 attestationibus
1117 1099 1152 1145 ao
1174 1079 1268 1147 etiam
1298 1079 1337 1145 ds
1365 1081 1546 1164 pronunciis

288 1194 561 1279 exemplationibus
583 1197 615 1261 et
637 1213 690 1260 soa
713 1195 1009 1279 transumptionibus
1031 1196 1063 1261 st
1085 1195 1154 1261 eliis
1173 1195 1352 1270 necessariis
1375 1197 1407 1262 et
1428 1214 1543 1280 oppor-

289 1311 374 1377 tunis
404 1330 457 1396 pro
487 1310 674 1396 expeditione
696 1312 729 1377 ot
757 1311 930 1378 executione
959 1310 1058 1377 dictee
1079 1309 1314 1392 commissionis,
1343 1311 1545 1396 deputarique

289 1427 383 1494 etiem
399 1427 542 1493 nuntium
564 1427 618 1511 qui
632 1426 743 1493 babeat
758 1429 789 1493 ot
803 1427 902 1512 possit
923 1427 958 1492 in
980 1446 1101 1494 omnem
1116 1444 1220 1493 casum
1244 1428 1275 1492 st
1289 1428 1431 1492 eventum
1446 1427 1545 1493 citare

289 1543 354 1608 tem
377 1543 467 1609 verbo
496 1561 589 1627 quam
610 1542 645 1608 in
675 1542 798 1628 scriptis
827 1561 1031 1627 quoscumque
1059 1542 1197 1608 citandos
1228 1543 1260 1609 et
1289 1541 1483 1626 requirendos
1507 1542 1544 1607 in

288 1656 422 1741 presenti
444 1676 535 1723 cansa
557 1658 589 1722 et
611 1657 695 1724 omni
717 1657 777 1724 alio
800 1658 919 1724 meliori
941 1657 1030 1724 modo
1053 1659 1109 1724 eto.

377 1773 476 1840 Tenon
498 1773 602 1839 autem
624 1772 699 1839 dieti
721 1772 860 1840 mandeti
881 1773 955 1839 talis
977 1775 1033 1854 ost,
1057 1772 1205 1840 videlicet.

377 1889 415 1955 In
437 1889 560 1956 nomine
574 1888 701 1957 Domini
716 1908 813 1957 amon.
844 1890 903 1956 Por
917 1891 975 1956 boc
989 1909 1113 1974 presens
1127 1889 1284 1974 publicum
1300 1889 1542 1956 instrumentum

289 2004 407 2072 cunctis
429 2006 533 2089 pateat
554 2003 709 2072 evidenter
731 2005 762 2071 ot
785 2004 827 2072 sit
849 2007 954 2072 notum
973 2004 1053 2090 quod
1076 2007 1155 2072 anno
1178 2025 1197 2070 a
1219 2005 1381 2072 nativitato
1403 2004 1541 2073 eiusdem
1651 2021 1652 2024 ’

288 2119 415 2187 Domini
436 2120 602 2187 millesimo
625 2120 869 2205 quingentesimo
892 2121 1053 2206 trigesimo
1082 2119 1248 2189 indictione
1277 2121 1369 2188 tertie
1398 2120 1448 2187 die
1469 2140 1540 2188 roro

287 2237 379 2303 lunae
400 2234 517 2302 decima
532 2235 640 2321 quinta
654 2237 769 2303 mensis
784 2235 918 2322 Augusti
941 2236 1136 2321 pontificatus
1160 2237 1349 2303 serenissimi
1369 2236 1404 2304 in
1419 2235 1540 2302 Christe

236 2435 240 2442 Ι
288 2351 386 2436 patris
407 2353 439 2418 et
460 2351 533 2418 dn.
549 2351 578 2418 d.
595 2349 761 2419 Clementis
783 2351 887 2418 divina
909 2352 1100 2437 providentia
1114 2371 1210 2437 papae
1234 2352 1358 2436 septimi
1380 2371 1459 2419 anno
1474 2353 1540 2418 sius
1651 2367 1652 2428 j

289 2468 428 2553 septimo.
473 2469 511 2534 In
533 2467 595 2534 mei
616 2487 753 2534 camerae
782 2467 963 2553 apostolicae
993 2467 1105 2534 notarii
1132 2466 1249 2553 publici
1277 2469 1309 2533 et
1330 2468 1458 2534 testium
1487 2468 1537 2534 in·

289 2583 517 2668 descriptorum
533 2583 571 2650 ad
585 2583 642 2649 boc
658 2583 830 2668 specialiter
851 2585 1026 2651 vocatomm
1040 2585 1071 2651 ot
1086 2585 1262 2669 rogatorum
1284 2585 1447 2668 presentia,
1468 2601 1538 2668 prs-

290 2717 360 2766 sons
389 2701 421 2766 ot
448 2699 647 2784 personaliter
676 2701 861 2766 constitutus
889 2699 1025 2785 prefatus
1055 2699 1268 2766 serenissimus
1291 2698 1319 2765 d
1346 2719 1375 2766 n
1400 2698 1540 2767 Clemens

289 2833 368 2898 papa
397 2815 546 2899 septimus
579 2835 634 2882 suo
662 2816 694 2882 ot
722 2814 809 2882 Sedis
838 2816 1022 2900 apostolicas
1051 2815 1174 2884 nomine
1210 2815 1287 2881 citra
1318 2815 1540 2883 revocationem

289 2948 547 3015 quorumcumque
568 2932 796 3013 procuratorum
820 2950 944 2998 suorum
966 2950 1020 3018 por
1042 2949 1113 2997 oum
1135 2930 1283 2998 hactonus
1313 2931 1541 3015 quomodolibet

289 3047 524 3113 constitutorum
539 3046 759 3114 revocationem
782 3048 889 3133 sponte
903 3048 935 3114 et
950 3067 985 3113 ex
1007 3047 1073 3114 sius
1088 3048 1170 3113 certa
1186 3047 1303 3114 scentia
1324 3065 1360 3113 ac
1375 3049 1541 3133 spontsneo

290 3163 445 3230 voluntate
468 3162 610 3230 omnibus
639 3162 816 3229 melioribus
845 3162 935 3230 modo
958 3163 1008 3229 ria
1030 3163 1095 3230 iuro
1123 3181 1223 3245 causa,
1252 3163 1283 3228 ot
1305 3162 1404 3229 forma
1430 3163 1540 3248 quibus

289 3278 400 3345 melius
422 3280 454 3346 ot
475 3278 627 3346 efficacius
648 3279 750 3365 potuit
771 3280 802 3345 ot
824 3277 938 3359 debuit,
961 3277 1041 3359 fecit,
1064 3279 1232 3360 constituit,
1255 3279 1409 3346 ordinarit
1431 3281 1463 3347 ot
1484 3279 1538 3346 ds-

289 3394 418 3478 putarit,
441 3395 671 3480 specialiterque
693 3397 725 3462 ot
746 3414 884 3480 expresse
914 3395 1099 3462 inherendo
1122 3396 1271 3480 quatenus
1300 3414 1376 3479 opus
1399 3397 1442 3462 sit
1464 3396 1538 3462 sub·

290 3509 444 3575 stitutioni
465 3529 519 3595 per
541 3532 564 3577 r.
588 3510 616 3577 d
639 3510 808 3577 Nicolaum
834 3511 872 3578 do
893 3510 1032 3597 Ragonia
1061 3529 1222 3577 causarum
1243 3511 1353 3596 palatii
1382 3511 1540 3596 apostolici

290 3622 468 3706 auditorem,
490 3627 522 3692 et
543 3625 695 3694 Joannom
721 3627 919 3693 Franciscum
945 3627 1073 3692 Burlam
1096 3626 1276 3693 advocatum
1298 3626 1539 3694 consistorialem
1651 3619 1652 3710 t

291 3759 363 3807 suae
387 3742 561 3808 sanctitatis
584 3743 619 3808 in
641 3743 836 3829 infrascripta
867 3761 959 3808 oeusa
982 3742 1165 3827 principales
1188 3742 1346 3826 procurato
1371 3760 1420 3808 ros
1444 3742 1539 3809 iactas
1651 3763 1652 3804 τ

290 3857 461 3924 nominavit
484 3877 573 3924 suum
596 3877 632 3924 ac
653 3858 753 3925 diotae
776 3857 863 3925 Sedis
886 3858 917 3924 et
939 3877 1076 3924 camerae
1096 3857 1280 3942 apostolicae
1308 3859 1538 3940 procuratorem,
1651 3901 1652 3946 ,

290 3972 431 4053 actorem,
454 3974 600 4041 factorem
622 3975 653 4041 et
679 3974 873 4060 negociorum
896 3993 1020 4041 suorum
1045 3973 1307 4059 infrascriptomm
1330 3973 1484 4057 gestorem
1507 3991 1538 4038 ac
1651 3959 1652 4012 ³

290 4089 433 4155 nuntium
457 4091 618 4175 specialem
641 4092 672 4157 st
694 4091 875 4176 generalem.
908 4091 957 4156 Ite
979 4093 1083 4157 tamen
1097 4089 1176 4174 quod
1192 4088 1365 4174 specialitas
1387 4087 1537 4174 generali·
1651 4175 1652 4194 ξ

290 4205 349 4271 tati
371 4223 441 4272 non.
454 4204 587 4291 deroget,
617 4226 673 4273 neo
694 4208 816 4273 econtra
839 4227 862 4273 r.
886 4207 914 4273 d
936 4207 1088 4274 Joannom
1115 4207 1242 4273 Petrum
1271 4205 1445 4271 Ferrcttum
1467 4201 1536 4270 nd

290 4321 508 4407 archiepiscopi
530 4322 772 4390 Ravennatsnsis
800 4323 835 4389 in
864 4323 1075 4407 spiritualibus
1104 4322 1252 4389 ricarium
1280 4320 1454 4406 generalem
1483 4320 1535 4385 ab·
1651 4343 1652 4376 f

291 4440 408 4505 sentem
431 4440 589 4523 tamquam
611 4441 782 4524 presentem
801 4438 901 4506 solum
924 4439 955 4506 et
976 4439 1142 4506 insolidum
1166 4437 1337 4523 specialiter
1356 4438 1388 4502 ot
1402 4453 1537 4522 expresso

291 4554 329 4620 ad
352 4555 449 4638 ipsius
473 4555 662 4625 serenissimi
685 4557 712 4624 d.
729 4578 758 4624 n.
778 4576 812 4623 eo
835 4557 933 4624 dictae
956 4555 1043 4624 Sedis
1066 4559 1097 4623 ct
1120 4574 1256 4622 cameras
1278 4553 1460 4640 apostolicae
1482 4570 1536 4618 no-
