3396 5090
798 299 1041 367 -188-

292 496 393 562 virum
409 514 464 562 sus
478 495 664 563 liberalitate
678 515 714 563 ae
728 494 937 563 munificentia
950 497 1151 580 prosequutus
1167 495 1217 575 sit
1231 494 1265 562 in
1279 513 1372 579 eoque
1386 494 1423 560 ut
1436 492 1548 578 perget

293 631 484 696 summopore
515 617 619 679 serem
651 612 740 678 illam
776 611 964 690 cohortatum
1000 631 1095 696 quum
1124 611 1257 678 maxime
1290 610 1411 696 regium
1440 608 1483 674 sit
1511 607 1547 673 in

293 726 425 794 subditis
447 727 486 793 ad
509 727 641 813 optimas
664 731 745 795 artes
767 727 941 794 animandis
964 747 1019 795 neo
1041 728 1121 794 auris
1145 747 1200 795 neo
1215 727 1389 812 sumptibus
1412 743 1544 811 parcere.

886 1203 958 1268 144.

755 1367 845 1428 Duoi
868 1367 1082 1429 Sabaudtae.

382 1531 501 1596 Dilooto
522 1530 577 1596 fili
622 1526 710 1611 Quod
739 1530 857 1596 tetam
888 1531 1026 1597 amanter
1048 1531 1080 1597 et
1110 1530 1245 1598 studiose
1266 1551 1320 1616 per
1348 1532 1469 1598 litteras
1492 1547 1545 1597 ex-

293 1665 391 1729 ossas,
415 1647 494 1713 nihil
516 1665 534 1712 a
556 1648 588 1712 te
610 1645 689 1712 eirca
718 1646 899 1731 represalies
922 1647 1025 1712 aetum
1047 1645 1127 1731 quod
1156 1647 1245 1712 nobis
1266 1648 1298 1713 et
1320 1647 1392 1714 huie
1421 1645 1450 1714 S.
1475 1645 1549 1714 Sodi
1631 1682 1635 1689 ·

294 1761 336 1829 sit
351 1761 542 1842 damnosum,
565 1761 759 1829 vehementer
781 1763 869 1828 uobis
892 1764 1015 1848 gratum
1031 1764 1080 1829 est
1094 1763 1174 1829 heuo
1188 1764 1275 1829 tuam
1290 1764 1439 1849 optimam
1457 1781 1546 1830 men·

292 1880 358 1945 tem
380 1899 415 1945 ex
430 1877 544 1944 litteris
560 1878 623 1943 tuis
646 1896 825 1962 agnesoere3
846 1896 907 1944 non
922 1877 1001 1964 quod
1017 1877 1053 1944 de
1072 1898 1108 1946 ea
1129 1878 1214 1945 dubii
1231 1898 1365 1964 unquam
1390 1877 1547 1960 fuerimus,

293 1993 347 2062 sed
369 1993 448 2079 quod
471 1993 571 2060 omnis
586 1993 753 2060 recordatio
775 1993 940 2060 iustissimi
962 1995 993 2062 et
1007 1994 1234 2079 religiosissimi
1256 1995 1287 2061 et
1301 1994 1448 2079 nobisque
1463 1993 1549 2060 omni

293 2109 409 2176 ratione
431 2107 585 2175 earissimi
605 2108 751 2194 principis
782 2129 901 2194 semper
922 2111 971 2178 est
992 2109 1127 2177 iocunda
1173 2109 1256 2177 Nam
1279 2129 1334 2176 nos
1364 2110 1487 2195 quidem
1510 2109 1548 2176 ‹le

292 2226 347 2291 tua
369 2225 482 2292 virtute
504 2225 535 2292 et
549 2225 705 2291 voluntate
728 2245 801 2311 erga
822 2245 888 2305 nos,
910 2226 944 2292 in
966 2227 1046 2294 hano
1061 2224 1207 2292 Sanctam
1222 2224 1333 2293 Sedem
1355 2225 1550 2293 observantia

295 2359 415 2425 semper
430 2339 581 2406 sensimus
604 2339 684 2425 quod
699 2341 891 2408 sentiendum
914 2341 982 2421 fruit
1005 2343 1098 2427 tuque
1118 2342 1291 2426 opinionem
1306 2343 1443 2408 nostrsm'
1457 2341 1550 2408 foetis

292 2457 501 2543 prestantibus
517 2456 730 2541 eomprobssti
776 2455 810 2523 Si
832 2457 970 2542 quivero
994 2459 1066 2524 sunt
1088 2458 1140 2542 qui
1159 2458 1360 2543 obloquantur
1382 2476 1444 2524 non
1456 2459 1548 2540 reete,

293 2573 325 2639 et
347 2572 400 2657 qui
413 2574 551 2639 nostram
566 2574 707 2638 mutuam
721 2572 959 2640 benivolentiam
981 2573 1200 2659 interrumpere
1219 2575 1372 2654 sonentur,
1395 2573 1548 2640 iiirustra

293 2707 416 2772 operam
438 2689 555 2765 terunt;
586 2688 708 2773 magnis
731 2689 813 2755 euim
836 2689 1111 2756 necessitudinibus
1133 2690 1178 2756 ita
1199 2689 1353 2755 eoniuueti
1375 2709 1491 2770 sumus,
1513 2691 1548 2756 ut

293 2803 373 2870 nihil
395 2802 611 2870 intermedium
627 2803 761 2871 dividere
783 2823 838 2870 nos
854 2805 960 2889 possit.
999 2804 1098 2886 Quare
1113 2806 1148 2871 ut
1162 2823 1218 2870 nos
1241 2803 1324 2872 dote
1341 2805 1416 2870 certi
1432 2825 1547 2885 sumus,

293 2937 415 2986 omnem
437 2919 536 2986 nostri
557 2920 681 2986 honoris
710 2938 815 2987 ourem
846 2919 926 3006 apud
949 2921 979 2985 te
1009 2939 1128 3005 semper
1149 2919 1227 3000 fore,
1259 2919 1302 2986 sie
1325 2919 1384 2987 tibi
1408 2920 1546 2986 volumus

293 3053 360 3100 osse
382 3035 580 3120 exploratum,
603 3053 659 3101 nos
681 3035 715 3101 in
737 3037 882 3121 perpetua
904 3035 1109 3102 benivolentia
1135 3037 1167 3102 et
1189 3035 1339 3102 charitate
1360 3053 1434 3120 erga
1455 3035 1545 3102 nobi-

293 3147 414 3216 litatem
436 3151 524 3217 tuam
546 3169 612 3218 esse
641 3170 864 3235 permansuros.
909 3153 1025 3218 Datum
1047 3151 1163 3219 Romae
1191 3151 1241 3217 die
1262 3151 1340 3218 xxvi
1363 3151 1547 3218 Novembris

293 3263 412 3332 mlxxv.
457 3267 547 3334 Anno
570 3266 708 3334 seeundo.

872 3383 958 3449 Foris
974 3434 981 3450 .

513 3498 592 3564 Duoi
615 3495 792 3579 Sabaudise,
815 3379 1026 3583 res(ponsi3um
1049 3497 1087 3564 ad
1110 3497 1175 3565 eius
1197 3498 1326 3566 litteras

572 3781 720 3850 loanni
742 3783 920 3868 Vengero
943 3781 1260 3850 Naiustsdiensi

382 3923 467 3990 Irieet
496 3925 629 4003 uxorato,
659 3926 698 3990 ob
719 3925 785 3991 eius
814 3925 848 3991 in
870 3926 970 3990 Deum
999 3925 1146 4009 pietatem
1174 3926 1207 3991 et
1235 3926 1334 3992 uelum
1363 3926 1572 4006 animarum*

293 4037 430 4105 eomedit
450 4039 585 4123 pontibx
614 4041 799 4124 potestatem
821 4060 898 4126 quae
921 4040 960 4107 ad
988 4040 1060 4107 fidei
1088 4041 1352 4107 confirmationem
1374 4043 1407 4108 et
1428 4040 1544 4108 eliense

292 4151 337 4218 rei
359 4153 578 4221 abstinentiam
602 4153 788 4222 suadendam
811 4158 883 4240 apta
906 4159 986 4235 sunt
1009 4157 1057 4223 vel
1078 4156 1113 4222 in
1136 4156 1231 4223 saeris
1245 4156 1321 4223 loeis
1343 4156 1543 4240 praestinandi

292 4268 408 4336 Romae
429 4267 479 4337 die
500 4269 590 4338 xxvii.
612 4269 797 4340 Novembris
819 4271 938 4338 mlxxv.
982 4272 1071 4339 Anno
1095 4272 1234 4340 seeundo.
