3364 5102
698 392 940 463 -341-

191 609 210 656 a
232 590 289 656 tali
312 589 462 656 excessivo
486 609 581 674 spere.
627 590 668 657 iit
690 590 745 656 aiii
768 591 846 658 sacri
869 591 938 677 pedi
960 591 1045 671 lilla,
1069 592 1117 659 cui
1140 612 1210 660 cum
1233 592 1336 660 debita
1358 613 1445 661 reve·

191 707 289 774 centia
311 707 522 774 devotamento
544 706 572 774 si
594 706 863 776 raooomandiamc.
901 707 1040 776 Mutinae
1062 709 1119 776 rix.
1142 709 1259 795 Aprilis
1282 709 1400 777 mim.

894 879 927 946 E.
952 897 975 945 s.
999 898 1026 946 v.

468 993 578 1060 Devoti
600 995 733 1061 oratores
757 994 871 1062 servuli
893 997 1119 1064 conservatores
1141 994 1276 1062 civitatis
1299 995 1445 1064 Mutinae.

783 1256 858 1324 258.

512 1421 616 1483 Clves
639 1423 841 1482 Placentiae
863 1421 1037 1483 Clementi
1058 1424 1132 1485 vll.

632 1531 720 1620 (Iitt
742 1533 837 1617 princ.
860 1533 917 1599 III.
941 1532 1007 1620 88).

654 1647 721 1736 (19.
736 1649 854 1733 Aprilis
872 1648 982 1735 1525).

280 1811 463 1878 Societatem
486 1829 544 1876 us.
561 1829 588 1876 v.
612 1829 681 1876 oum
705 1827 843 1877 caesarea
867 1810 1026 1878 maiestate
1049 1831 1145 1896 nuper
1159 1795 1278 1894 initam,
1301 1812 1355 1879 ubi
1377 1832 1445 1881 eam

191 1927 259 1996 rmi
281 1928 377 2014 legati
399 1928 497 1994 nostri
511 1927 624 1994 litteris
646 1927 843 2012 cognovimus
866 1946 900 1994 eo
924 1927 1024 2012 magis
1048 1948 1154 1995 sumus
1176 1929 1265 1995 letati
1286 1927 1366 2015 quod
1388 1949 1444 1996 na·

189 2046 263 2112 dum
286 2064 354 2112 eam
384 2041 545 2110 christiani
568 2043 650 2109 orbis
681 2044 812 2110 salutem
842 2043 1052 2110 omnimodam
1081 2045 1245 2111 allaturam
1276 2063 1443 2130 speramus,

190 2162 243 2229 sed
266 2161 303 2230 ed
325 2179 381 2228 nos
404 2159 661 2227 intollerabiiibus
683 2159 794 2244 quibus
817 2160 984 2244 premimur
1006 2160 1148 2226 oneribus
1171 2161 1274 2242 levari,
1298 2182 1322 2228 s.
1337 2181 1365 2227 v.
1387 2162 1443 2229 be·

189 2278 341 2364 nignitate
364 2275 554 2344 confidimus.
584 2275 758 2342 Premimnr
779 2279 811 2342 et
826 2293 986 2342 oneramur
1009 2295 1100 2360 supra
1115 2277 1195 2344 vires
1219 2279 1339 2344 nostras
1359 2280 1444 2363 pater

189 2415 213 2462 s.
229 2397 260 2461 et
283 2414 318 2460 ea
340 2392 476 2478 patimur
499 2412 558 2476 que
574 2391 697 2458 sufferre
720 2411 780 2457 non
796 2394 843 2459 est
865 2393 1019 2476 possibile.
1051 2392 1198 2460 Conflictu
1216 2394 1296 2478 apud
1311 2395 1441 2478 Papiam

188 2511 303 2591 habito,
317 2509 523 2595 Hispanorum
539 2507 675 2593 equitum
691 2507 788 2574 lancie
805 2509 998 2594 quadriginte
1014 2528 1123 2595 agrum
1132 2529 1221 2578 omne
1230 2511 1444 2579 Placentinum

188 2628 292 2693 taliter
321 2625 505 2709 occuparunt
533 2625 568 2690 ut
590 2623 696 2690 exinde
718 2625 781 2690 iam
804 2626 870 2690 tam
892 2625 1007 2691 multos
1037 2625 1102 2693 dies
1133 2627 1224 2693 rebus
1253 2628 1367 2694 nostris
1389 2647 1444 2713 pro

188 2744 277 2810 libito
299 2743 433 2820 utantur,
457 2741 572 2807 victum
595 2739 772 2807 hominibus
795 2743 826 2807 et
848 2740 995 2808 iumentis
1018 2761 1053 2807 ex
1076 2742 1259 2808 miserorum
1282 2742 1443 2810 sudoribus

187 2861 296 2944 parent
317 2861 357 2938 et,
380 2855 459 2942 quod
482 2855 608 2942 gravius
631 2857 725 2924 etiem
747 2860 803 2937 est,
826 2859 913 2923 taxas
929 2856 967 2924 ad
984 2859 1119 2924 scutum
1134 2877 1230 2924 unum
1252 2877 1307 2943 pro
1323 2859 1444 2945 singulo

188 2976 288 3042 milite
310 2975 359 3041 die
377 2973 512 3059 quolibet
535 2972 668 3058 erigunt.
706 2971 771 3040 Nec
793 2973 851 3039 hoc
873 2973 966 3050 satis;
989 2973 1094 3040 decem
1115 2974 1204 3040 milia
1220 2972 1443 3042 Germanorum

188 3092 326 3178 peditum
350 3109 385 3156 ex
408 3088 513 3156 eodem
529 3088 661 3156 exercitu
683 3089 717 3154 in
732 3088 907 3155 districtum
922 3089 1137 3156 Placentinum
1160 3109 1178 3155 a
1194 3090 1244 3157 die
1265 3091 1322 3156 illa
1344 3090 1443 3158 adhuc

188 3210 352 3275 morantur.
399 3205 615 3272 Ommittimus
638 3205 718 3288 quod
740 3207 771 3272 et
792 3204 848 3271 isti
870 3206 1108 3272 innumerabiles
1131 3206 1329 3290 pecuniarum
1353 3227 1439 3274 sum-

187 3345 255 3391 mes
271 3324 461 3390 extorserunt
483 3323 514 3386 et
529 3321 562 3386 in
577 3321 642 3387 dies
658 3323 840 3414 extorquent
857 3323 928 3404 (eie)
946 3320 1109 3406 taliterque
1125 3322 1229 3387 omnia
1243 3341 1441 3406 consumpse·

187 3442 258 3506 runt
281 3441 401 3506 utiam
423 3438 503 3504 nihil
526 3437 567 3504 sit
581 3437 748 3522 reliquum3
770 3437 943 3504 habnemut
965 3440 996 3504 et
1019 3438 1132 3505 statim
1151 3439 1261 3505 multis
1284 3439 1442 3506 mensibus

186 3555 358 3623 incivitate
376 3555 438 3621 ista
452 3556 554 3621 vostra
569 3552 731 3619 Mantuani
753 3553 939 3620 marchionis
963 3553 1087 3636 milites,
1104 3556 1156 3640 qui
1179 3555 1323 3622 ducatum
1345 3575 1441 3622 uuum

188 3691 292 3739 mense
315 3670 449 3756 quolibet
471 3688 526 3753 pro
550 3668 671 3754 singulo
687 3687 763 3753 equo
785 3671 990 3747 extorserunt3
1012 3671 1059 3736 ita
1081 3671 1117 3736 ut
1131 3670 1265 3755 undique
1286 3672 1319 3738 et
1332 3671 1442 3738 civim

188 3787 220 3853 et
242 3805 315 3871 agor
337 3785 379 3852 sit
400 3786 514 3851 mirum
537 3785 570 3850 in
593 3785 718 3851 modum
742 3786 922 3852 exinanitus.
953 3785 1106 3871 Dignetur
1127 3786 1224 3871 igitur
1247 3787 1394 3854 sancfitas
1413 3807 1441 3855 v.

188 3902 273 3974 oculo
295 3901 500 3968 misericordie
523 3900 555 3968 in
577 3900 683 3968 fideles
706 3901 901 3968 Placentinos
925 3901 1081 3986 respicere,
1105 3919 1156 3968 eea
1179 3903 1259 3968 etot
1281 3903 1312 3968 et
1334 3920 1353 3966 a
1375 3903 1441 3969 tam

187 4017 332 4104 gravibm
355 4017 452 4084 minis
474 4017 617 4094 liberare;
649 4017 824 4084 auctoritati
847 4037 900 4084 sue
925 4017 1109 4084 facillimum
1132 4019 1164 4083 et
1186 4017 1273 4083 nobis
1298 4016 1440 4084 fidelibus

188 4134 252 4200 suis
271 4151 461 4218 summopere
476 4135 522 4198 est
538 4133 750 4214 necessarium,
773 4135 952 4220 cumuloquo
967 4133 1138 4220 gratiaram
1157 4136 1189 4199 et
1207 4152 1368 4201 munerum
1383 4133 1439 4199 ad·

188 4247 358 4316 scribimus.
404 4247 488 4314 Felix
510 4249 610 4314 valeat
632 4251 688 4316 eto.
734 4249 889 4316 Placentie
912 4249 961 4316 die
984 4250 1041 4316 rix.
1064 4249 1182 4333 Aprilis
1205 4249 1322 4316 mtxrv.

784 4428 961 4496 Humillimi
984 4428 1096 4496 servuli
1118 4428 1200 4512 prior
1222 4429 1253 4496 et
1275 4427 1396 4496 aucant

727 4543 861 4628 negociis
884 4543 1017 4611 civitatis
1041 4544 1216 4620 Plaoencae
1238 4541 1437 4630 presidentes.
