3346 5084
697 385 1028 483 '-4vo-

278 618 453 688 ruthenam
475 621 568 688 fidem
584 609 701 677 faciunt
723 629 783 677 non
798 613 920 679 tanturn
934 612 969 678 in
984 612 1066 679 dicta
1088 614 1213 682 civitate
1229 615 1283 682 sed
1300 616 1395 682 stiam
1410 617 1529 701 qnando

277 738 409 822 contigit
430 738 464 803 in
485 737 560 802 urbe
582 734 681 799 Roma
701 748 756 813 pro
780 729 882 813 eliqua
904 715 969 810 lite,
992 731 1024 796 et
1044 730 1077 796 in
1099 730 1170 796 aliis
1193 731 1278 811 locis,
1300 734 1332 797 et
1354 751 1415 799 non
1431 734 1529 800 solum

277 854 369 922 dictis
392 852 551 937 scripturis
574 849 627 915 sed
648 845 979 929 transumptetionibns
1001 847 1091 912 factis
1106 865 1142 913 ex
1163 847 1218 926 eis,
1240 848 1271 914 et
1292 848 1338 914 111
1352 848 1412 914 brit
1433 851 1530 916 otest

277 970 398 1038 veritas.
429 969 509 1034 Item
532 965 610 1031 dixit
631 962 711 1047 qnod
732 962 811 1028 liber
825 981 958 1046 magnus
979 962 1185 1043 conciliorum,
1207 965 1239 1030 et
1253 965 1331 1031 liber
1352 965 1530 1031 intitulatus

279 1086 406 1152 (ironica
427 1080 596 1159 theobaldi,
624 1080 656 1145 et
678 1079 739 1144 aha
761 1079 860 1144 multa
881 1078 1050 1163 privilegia,
1074 1080 1105 1144 et
1128 1079 1294 1163 scripturae
1317 1080 1379 1146 sibi
1399 1082 1530 1160 ostansa,

277 1219 396 1284 semper
418 1201 449 1266 et
478 1197 620 1264 continue
643 1213 661 1260 1
684 1196 819 1278 temporo
848 1212 908 1277 quo
929 1194 995 1279 ipse
1018 1194 1192 1262 recordatur
1221 1196 1373 1262 steterunt
1394 1197 1427 1262 in
1449 1196 1528 1263 dicto

277 1315 410 1382 archivio
433 1333 486 1380 seu
508 1311 668 1395 cartilagio
696 1328 759 1376 nna
788 1329 857 1375 cum
880 1310 950 1376 aliis
980 1310 1139 1395 scripturis
1168 1310 1243 1378 dicti
1264 1311 1332 1392 loci,
1362 1313 1473 1396 quibus
1495 1313 1529 1376 nt

277 1451 369 1517 supra
390 1429 564 1497 indubitata
594 1426 756 1492 adhibetur
784 1425 869 1506 fides,
892 1444 928 1492 eo
955 1426 1034 1510 quod
1064 1428 1137 1492 sunt
1158 1427 1384 1512 antiquissime,
1407 1429 1439 1494 et
1460 1427 1528 1513 quia

275 1547 418 1615 continue
440 1543 620 1630 permanent
642 1541 675 1608 in
698 1541 779 1608 dicto
801 1542 867 1609 loco
890 1528 1023 1609 multum
1046 1544 1231 1610 observatur.

365 1662 578 1745 Interrogatus
599 1660 633 1724 in
656 1677 747 1723 causa
777 1657 922 1725 scientiae
944 1658 1023 1724 dixit
1044 1659 1199 1742 praedicta
1222 1659 1298 1726 scire
1320 1679 1374 1744 per
1396 1679 1432 1726 ea
1454 1679 1529 1745 quac

279 1798 371 1863 supra
394 1777 478 1856 dixit,
502 1776 533 1842 et
548 1774 619 1860 qnia
635 1773 771 1840 11111111
785 1773 885 1840 officio
907 1774 1171 1841 arohimiarcariae
1192 1774 1298 1841 dictas
1313 1773 1456 1842 ecclesiae
1478 1794 1530 1860 per

277 1914 372 1962 annos
402 1892 561 1960 duodecim
590 1890 624 1956 in
652 1890 733 1955 circa
755 1891 787 1956 et
808 1908 863 1973 per
891 1889 973 1956 diota
1002 1892 1140 1974 tempora
1168 1891 1303 1957 munisse
1325 1891 1426 1958 claves
1456 1891 1529 1957 dicti

276 2009 414 2089 archivii,
436 2010 468 2074 et
489 2007 569 2092 quod
591 2007 772 2090 permanent
794 2025 886 2089 penes
908 2005 1061 2089 prefatum
1084 2007 1295 2074 arcimiarcam
1317 2027 1372 2091 pro
1395 2008 1528 2092 tempore

275 2125 465 2204 existentem,
489 2123 542 2208 qni
564 2141 615 2188 eas
638 2121 751 2187 retinet
774 2141 843 2186 curn
866 2141 980 2206 magna
1009 2121 1148 2189 custodia
1169 2122 1285 2188 nemini
1308 2123 1528 2191 contradendo

275 2260 372 2325 neque
394 2240 489 2306 etiam
510 2237 664 2322 permittit
680 2236 813 2320 aliquam
836 2237 870 2302 in
885 2237 966 2303 dicto
990 2237 1124 2303 archivio
1138 2238 1259 2322 ingredi
1280 2239 1342 2304 nisi
1365 2257 1436 2305 oum
1457 2258 1526 2324 pre-

276 2356 377 2425 sentia
398 2377 421 2421 r.
444 2355 472 2421 d.
496 2353 602 2420 vicarii
623 2352 752 2436 predicti
774 2373 797 2418 r.
821 2351 849 2418 d.
873 2353 1091 2437 archiepiscopi
1119 2373 1174 2437 pro
1196 2355 1333 2437 tempore
1361 2355 1528 2435 existentis,

276 2473 308 2538 ct
334 2469 492 2537 multoties
522 2467 678 2536 accidebat
707 2485 829 2535 necesse
859 2469 994 2552 aliquem
1023 2467 1228 2552 predictorum
1258 2469 1476 2552 scripturarum
1497 2470 1529 2536 in

276 2585 358 2652 dioto
380 2585 516 2651 archivio
531 2583 728 2651 adstantium
743 2583 964 2666 transumptari
979 2582 1095 2663 debere,
1111 2583 1189 2667 quod
1204 2583 1381 2650 debetcum
1398 2585 1531 2651 maxima

276 2699 415 2769 custodia
437 2700 589 2767 nicarum
612 2699 840 2783 scripturarum,
863 2698 980 2766 deloco
1003 2701 1035 2766 11
1049 2699 1184 2784 tempore
1207 2701 1243 2764 ut
1265 2719 1364 2784 supra.
1387 2701 1433 2767 De
1456 2721 1529 2768 con-

276 2817 408 2884 testibus
430 2815 467 2882 de
490 2835 522 2881 11
545 2816 623 2882 teste
646 2816 676 2880 et
697 2835 721 2880 r.
738 2814 765 2880 d.
789 2814 885 2882 Paulo
901 2814 999 2899 Vegio
1022 2814 1161 2899 episcopo
1177 2814 1324 2882 Cassense
1347 2836 1369 2881 r.
1386 2816 1529 2902 (11111-
1657 2901 1658 2912 ἶ

275 2933 359 2999 laute
382 2931 420 2999 de
443 2929 657 2998 Salamonibus
681 2931 823 2996 canonico
846 2931 1085 3011 Ravennatense
1109 2932 1140 2996 11
1166 2931 1273 2997 multis
1296 2931 1367 2998 aliie
1389 2932 1426 3000 de
1448 2932 1532 3000 dicto

277 3047 411 3113 archivio
434 3066 487 3113 sen
509 3044 671 3130 cartilogio
693 3045 836 3112 notitiam
859 3045 1052 3112 habentibus.

368 3160 463 3245 Super
491 3161 685 3246 generalibus
715 3161 793 3228 dixit
823 3178 856 3227 11
878 3181 944 3228 1111
975 3180 1124 3228 annornm
1146 3165 1190 3230 46
1213 3163 1244 3228 11
1273 3163 1355 3228 ultra
1383 3164 1415 3228 et
1437 3163 1534 3229 habet
1657 3163 1658 3226 ?

277 3280 411 3345 valorem
426 3279 460 3343 in
475 3278 563 3343 bonis
572 3276 701 3342 duorum
717 3277 852 3343 millium
868 3277 1017 3343 librarum
1027 3277 1169 3345 videlicet
1184 3277 1361 3344 ducatorum
1376 3279 1531 3362 quingen-

277 3396 379 3461 torum
401 3395 432 3460 et
447 3392 677 3478 quinquaginta,
700 3395 732 3458 et
747 3393 828 3458 ultra
850 3393 882 3458 et
903 3411 980 3477 quae
996 3393 1074 3460 dixit
1095 3411 1149 3476 pro
1173 3395 1301 3460 veritate
1322 3393 1534 3477 deposuit-
1657 3379 1658 3382 ¹

367 3624 492 3690 Eisdem
521 3643 600 3690 anno
629 3623 795 3691 indictione
825 3626 960 3709 tempore
988 3625 1175 3709 pontificatu.
1221 3624 1279 3691 Die
1308 3645 1372 3692 xxv.
1396 3627 1534 3710 Augusti
1657 3629 1658 3716 ᾗ

277 3741 348 3825 post
369 3739 541 3825 prandium.

368 3854 477 3922 (loram
505 3856 669 3941 magnifico
698 3875 743 3948 acv
763 3856 934 3923 clarissimo
962 3857 1038 3924 iuris
1067 3857 1226 3941 utriusque
1254 3855 1375 3924 doctore
1407 3857 1534 3926 domino

278 3971 461 4038 Boldassure
483 3973 635 4056 potestate
657 3972 689 4039 et
711 3973 922 4039 commissario
944 3975 975 4038 et
997 3974 1152 4039 executore
1167 3971 1302 4055 predicto
1324 3973 1474 4039 crismate
1498 3976 1534 4041 in
1657 4063 1658 4066 Ἴ

278 4087 406 4155 ecclesia
428 4087 596 4154 cathedrali
617 4088 780 4155 Ravennae
801 4089 836 4154 in
858 4090 922 4155 loco
945 4088 1097 4172 11111111,
1120 4088 1291 4172 comparuit
1312 4109 1335 4156 r.
1351 4088 1378 4156 d.
1394 4089 1533 4156 Joannes

277 4202 389 4270 Petrus
411 4203 566 4269 Ferrettns
588 4205 763 4287 procurator
784 4221 808 4270 s.
824 4203 852 4270 d.
868 4224 896 4270 n.
920 4222 1015 4288 papae
1038 4223 1073 4269 ac
1092 4201 1221 4270 Sanctam
1236 4203 1324 4272 Sedis
1346 4205 1533 4288 apostolicae
1657 4273 1658 4278 ,

278 4317 401 4385 sedente
423 4336 477 4402 pro
507 4317 653 4384 tribunali
681 4319 715 4384 in
737 4319 819 4385 dicto
848 4319 975 4386 ecelesia
1003 4319 1170 4386 cathedrali
1192 4320 1228 4385 nt
1251 4339 1342 4404 supra
1364 4321 1419 4387 etc.
1443 4321 1475 4388 et
1498 4321 1531 4388 in
1657 4299 1658 4372 1

277 4433 410 4502 termino
432 4435 465 4499 11
485 4433 653 4501 monitione
675 4434 712 4501 de
726 4435 866 4520 partibus
888 4434 969 4502 fecta
984 4453 1038 4520 pro
1060 4436 1117 4501 hac
1132 4435 1181 4502 die
1205 4438 1236 4502 et
1250 4437 1324 4502 hora
1347 4435 1529 4503 11111111-
1592 4479 1598 4487 -
1657 4431 1658 4518 ᾖ

278 4547 352 4612 durn
361 4549 591 4632 pronuntiatum
608 4550 724 4616 domini
736 4550 847 4616 iudicis
862 4551 894 4618 11
909 4550 1234 4618 commissariiobtulit
1250 4552 1424 4635 separatum
1440 4553 1530 4618 illum
