3366 5084
655 349 876 416 ..37-

140 543 281 622 conditio,
304 547 422 610 utnon
446 545 487 608 sit
510 545 597 609 nobis
621 563 701 609 nuno
725 543 887 628 cogitanda
909 541 1053 626 dignitas,
1078 541 1131 606 sed
1153 559 1206 624 pro
1230 539 1328 605 salute
1360 539 1391 604 et

139 661 289 726 tutatione
313 660 496 726 christianae
519 660 701 744 reipublicae
725 661 922 738 sustinemus,
945 657 1095 742 quemad
1118 658 1285 722 extremum
1307 655 1389 720 inte·

140 776 233 842 ritum
257 777 474 859 prolabentem,
498 776 525 841 11
548 776 773 859 aliquantulum
797 773 1078 852 sustentaverimus
1103 773 1179 838 satis
1203 790 1309 838 sumus
1331 771 1389 834 ha-

140 893 248 968 bituri;
278 892 358 976 quod
381 894 433 958 tua
463 892 608 958 nobilitas
638 893 739 976 aliquo
769 892 858 957 modo
881 909 1060 974 persuasum
1092 888 1204 954 habeat
1237 887 1321 952 1111
1342 903 1390 950 111

139 1011 208 1072 tuas
238 1009 327 1073 nobis
357 1027 417 1073 non
446 1027 512 1072 esse
542 1007 633 1086 cordi,
663 1026 747 1091 quas,
777 1008 877 1073 Deum
906 1008 1065 1082 testamur,
1095 1003 1128 1068 in
1158 1003 1260 1068 animo
1287 1001 1391 1066 nostro

139 1124 288 1190 hebemus
304 1123 489 1200 carissimae,
512 1126 709 1208 nostramque
724 1142 797 1208 erga
812 1125 842 1188 11
857 1124 1034 1206 perpetuam
1049 1118 1293 1186 benevolentiam
1308 1116 1392 1182 omni

140 1259 175 1304 er
207 1241 293 1322 parte
322 1258 544 1304 consecramus.
591 1237 650 1304 Sed
679 1241 715 1304 ut
744 1239 855 1304 accidit
883 1238 917 1304 in
946 1256 1057 1321 magno
1087 1235 1219 1320 periculo
1248 1235 1280 1299 et
1307 1233 1392 1297 metu

140 1354 259 1438 positis,
289 1357 324 1418 ut
346 1355 508 1438 abquando
532 1355 626 1420 simul
648 1374 709 1420 non
732 1355 835 1419 omnia
858 1353 996 1436 expedire
1018 1351 1147 1436 possint
1175 1351 1221 1416 ita
1243 1369 1299 1415 nos
1322 1367 1393 1414 oum

138 1470 250 1535 horum
265 1471 415 1535 bellorum
431 1469 631 1548 atrocitatem,
655 1470 954 1553 diuturnitatemque‚
970 1488 1041 1534 cum
1055 1467 1194 1533 nationes
1209 1465 1392 1531 christianas

141 1587 266 1651 cunctas
283 1585 353 1663 sere,
377 1587 431 1649 aut
446 1585 646 1651 seditionibus
662 1586 743 1650 inter
759 1605 799 1663 11,
815 1586 868 1650 aut
883 1584 1089 1651 acerbissimis
1104 1584 1193 1649 bellis
1208 1581 1392 1659 devastatas,

139 1720 210 1766 cum
239 1700 406 1766 Turonium
436 1701 508 1780 vim,
538 1703 569 1766 et
599 1703 779 1784 apparatum
810 1701 937 1765 exitium
966 1698 1100 1784 quotidie
1130 1698 1218 1764 nobis
1248 1699 1280 1762 et
1301 1697 1391 1763 rebus

139 1815 254 1882 nostris
277 1817 505 1881 machinantem
528 1816 702 1900 aspicimus,
725 1835 796 1881 curn
812 1815 952 1880 audimus
969 1815 1106 1898 querelas
1129 1815 1317 1898 populorum,
1335 1832 1390 1897 ge·

139 1931 235 1996 mitus
259 1933 397 1998 omnium
420 1933 568 2016 gentium,
598 1951 646 1996 res
670 1932 906 1997 christianitatis
936 1931 1114 2016 profligatas
1144 1933 1176 1996 11
1198 1929 1341 2014 perditas,
1365 1929 1393 1994 11

139 2065 200 2112 non
223 2065 346 2112 omnem
369 2049 459 2113 rebus
482 2049 625 2113 omnibus
649 2066 754 2113 curam
777 2047 920 2112 adhibere
942 2065 1113 2131 possumus,
1138 2065 1244 2112 sumus
1258 2044 1392 2129 profecto

141 2163 312 2228 excusandi.
336 2161 441 2246 Neque
457 2164 514 2228 hoc
529 2163 596 2229 ideo
612 2164 783 2242 scribimus,
806 2163 881 2248 quin
895 2163 1042 2229 fuerimus
1067 2182 1185 2246 sempor
1203 2161 1236 2226 in
1251 2159 1393 2226 omnibus

139 2277 408 2343 commissionibus
438 2297 492 2361 per
514 2298 569 2344 nos
599 2279 680 2345 datis
703 2299 852 2345 memores
875 2279 930 2357 tui,
960 2279 1099 2344 simodo
1122 2278 1175 2362 qui
1197 2295 1248 2342 eas
1278 2275 1395 2342 executi
1422 2365 1426 2372 ι

139 2397 219 2471 sunt
243 2393 398 2460 mendatis
428 2395 542 2459 nostris
572 2395 869 2479 obtemperaverunt;
900 2394 953 2460 sed
982 2395 1054 2479 quia
1082 2397 1162 2460 certe
1191 2392 1393 2459 maximarum

140 2527 241 2574 renum
265 2509 468 2574 sollicitudine
493 2529 658 2594 suspensus
682 2511 804 2576 animus
826 2513 857 2576 et
872 2529 976 2576 vocem
999 2512 1030 2578 et
1054 2511 1174 2576 vultum
1197 2529 1285 2592 saepe
1307 2527 1393 2574 oom-

139 2626 246 2702 mutet,
270 2643 392 2690 necesse
415 2626 470 2690 111.
508 2625 640 2691 Proinde
662 2626 707 2691 ita
722 2627 862 2692 volumus
887 2627 1082 2692 nobilitatem
1104 2627 1190 2691 tuam
1209 2625 1392 2702 existimare,

139 2759 172 2804 ac
194 2742 276 2805 certo
300 2741 361 2805 sibi
383 2741 562 2824 persuadere
584 2762 740 2827 nunquam
763 2763 798 2808 ex
814 2743 916 2807 animo
939 2743 1085 2826 elapsam,
1108 2761 1204 2826 neque
1220 2742 1393 2825 elapsurum

137 2875 202 2920 1111
218 2856 399 2920 memoriam
421 2859 452 2921 11
467 2859 565 2923 nostri
587 2857 621 2923 in
636 2861 667 2923 te
682 2859 820 2942 perpetui
835 2858 957 2936 amoris,
980 2859 1013 2923 11
1026 2860 1097 2924 tuae
1119 2856 1341 2923 consumendae
1357 2875 1392 2921 ac

137 2971 340 3055 procurandae
370 2971 540 3056 dignitatis.
594 2974 710 3040 Datum
739 2975 855 3042 11111111
887 2973 936 3038 die
960 2973 1011 3038 rii.
1036 2973 1213 3039 Decembris
1244 2971 1391 3038 mdxxiiii

137 3087 226 3152 Anno
250 3087 388 3154 secundo.

737 3353 789 3418 28.

492 3579 494 3584 ,
550 3518 707 3591 Vlceregl
730 3519 980 3594 neapolitano.

228 3671 348 3738 Dilecto
362 3671 416 3738 lili.
447 3670 523 3737 111111
540 3671 649 3738 dilecto
672 3671 736 3736 filio
751 3673 841 3738 abate
855 3671 1008 3757 Negiarae
1030 3670 1148 3737 abunde
1166 3669 1261 3735 locuti
1275 3686 1390 3746 sumus,

139 3789 171 3851 et
192 3787 231 3853 ud
254 3807 290 3852 11
313 3807 389 3872 quae
411 3788 477 3871 ipse
499 3787 588 3853 nobis
611 3789 663 3853 tuo
686 3788 808 3853 nomine
831 3788 959 3867 rettulit
989 3789 1020 3854 et
1043 3787 1081 3852 od
1104 3803 1237 3871 eaquae
1260 3783 1389 3848 dilectus

140 3902 215 3968 item
237 3903 322 3968 filius
345 3903 459 3968 Paulus
482 3903 637 3970 Victorius
660 3903 820 3969 nobiscum
842 3907 890 3970 111
912 3905 975 3969 tuis
998 3903 1098 3970 uerbis
1121 3903 1294 3979 collocutus,
1317 3917 1388 3964 cum

138 4019 169 4082 et
191 4018 264 4102 quid
287 4040 341 4102 per
370 4021 490 4085 abatem
514 4021 602 4085 nobis
633 4021 849 4104 proposuisses,
879 4022 910 4086 et
932 4019 1005 4104 quid
1026 4039 1079 4103 per
1101 4019 1231 4084 Paulum
1260 4034 1387 4100 respon-

139 4135 237 4201 disses
260 4155 396 4200 essemus
419 4156 489 4201 cum
512 4137 614 4201 animo
637 4139 741 4202 nostro
757 4135 919 4219 diligenter
941 4136 1096 4202 meditati:
1120 4133 1173 4202 sed
1195 4135 1254 4202 etsi
1276 4153 1311 4200 ex
1333 4134 1389 4200 illo

138 4251 175 4316 ad
197 4255 228 4317 te
253 4250 395 4317 redeunte
424 4252 575 4335 copiosius
598 4252 712 4332 audies,
742 4253 840 4318 nostri
862 4255 965 4318 tamen
988 4251 1081 4318 officii
1111 4272 1216 4318 sumus
1246 4252 1390 4318 arbitrati

136 4367 248 4433 litteris
280 4386 374 4450 pauca
404 4369 614 4452 perstringere.
661 4368 725 4434 Nos
756 4388 814 4453 quo
843 4370 943 4452 magis
967 4387 1002 4433 ao
1030 4369 1131 4452 magis
1160 4369 1330 4452 cogitamus
1353 4387 1389 4433 ea

137 4501 211 4566 quac
234 4483 392 4550 nobilitati
413 4487 483 4550 tuae
512 4485 704 4568 proponenda
733 4484 956 4564 mandarimus,
985 4486 1042 4549 hoe
1066 4504 1171 4550 sumus
1200 4485 1234 4550 in
1256 4485 1387 4568 pristina
