3346 5084
682 355 927 428 -455-

181 553 356 625 testimonio
386 556 557 624 litterarum
588 575 682 622 manu
708 558 813 623 nostra
843 553 1084 638 subscriptarum
1113 554 1145 620 et
1168 553 1264 639 sigilli
1294 554 1392 622 nostri
1415 574 1433 620 a

181 675 266 759 tergo
296 670 494 758 impressione
524 672 721 739 munitarum.
767 673 882 738 Datum
912 670 1069 755 Augustae
1099 669 1147 736 die
1177 670 1287 736 ultimo
1317 670 1433 737 mensis

180 790 201 856 J
203 789 258 855 ulii
280 808 359 855 anno
381 789 499 855 domini
513 787 630 854 mdxxx.
655 788 781 872 Imperii
796 787 894 854 nostri
909 807 934 852 r.
967 785 1091 852 Carolus
1107 787 1163 853 etc.
1187 785 1237 852 Ad
1252 785 1431 852 mandatum

180 924 316 972 cesareae
338 906 369 971 et
391 903 559 970 catholicae
581 904 755 970 maiestatis
778 923 826 987 pp.
850 902 911 970 hll.
928 901 1091 969 Valdesine
1113 903 1169 969 etc.
1207 902 1283 969 Post
1304 921 1434 986 quarum

180 1021 304 1106 quidem
326 1020 484 1087 literarum
507 1019 713 1103 imperialium
737 1020 825 1085 nobis
854 1020 889 1083 ut
912 1036 1003 1102 supra
1026 1017 1139 1083 factam
1170 1017 1380 1102 receptionem,
1403 1021 1435 1086 et

180 1136 435 1222 presentationem
454 1134 583 1202 femmas
599 1155 651 1219 per
667 1135 854 1201 antedictum
871 1155 893 1199 r.
910 1135 937 1200 d.
954 1134 975 1200 J
977 1153 1106 1201 oannem
1121 1134 1246 1200 Petrum
1263 1134 1433 1200 Ferrettum

180 1253 403 1338 procuratorem
426 1251 613 1318 antedictum
636 1250 739 1334 debita
769 1270 838 1316 cum
861 1250 1011 1315 instantia
1033 1249 1172 1334 requisiti
1202 1252 1351 1333 quatenus
1375 1250 1435 1316 sibi

179 1367 261 1434 dioto
283 1367 405 1434 nomine
427 1367 533 1433 literas
556 1366 712 1433 citatorias
735 1367 841 1434 contra
864 1367 895 1433 et
917 1365 1063 1432 adversus
1085 1365 1130 1431 ill.
1153 1365 1181 1430 d.
1198 1365 1226 1432 d
1241 1365 1435 1449 Alphonsum

179 1485 340 1550 distensam
363 1483 470 1549 ducem
493 1481 647 1548 Ferrarius
669 1481 702 1546 in
725 1482 840 1547 eisdem
871 1481 970 1548 literis
993 1481 1203 1565 imperialibus
1226 1482 1436 1567 principahter

179 1599 330 1667 nominati
352 1598 510 1666 decernere
533 1600 563 1664 et
586 1597 746 1664 concedere
769 1597 926 1664 vehemus.
973 1597 1088 1664 idcirco
1111 1614 1166 1664 nos
1190 1598 1356 1664 Baldassar
1378 1616 1434 1682 po·

179 1717 275 1782 testas
298 1716 328 1781 et
351 1714 439 1780 iader
461 1733 496 1779 ac
524 1714 663 1780 executor
686 1711 856 1780 antedictus
888 1714 1067 1780 anctoritate
1090 1713 1179 1779 nobis
1202 1713 1374 1792 commissa
1404 1715 1436 1780 et

178 1849 238 1917 qua
277 1830 434 1916 bmgimur
471 1829 504 1895 in
543 1829 601 1894 hac
641 1830 726 1912 parte
763 1829 898 1896 volentes
936 1829 1091 1895 mandatis
1129 1829 1293 1912 praelibati
1330 1849 1432 1896 saera-

178 1945 295 2013 tissimi
322 1945 516 2029 imperatoris
548 1945 582 2009 nt
614 1937 700 2010 d'ecet
730 1945 937 2030 obtemperare
968 1963 1022 2011 ros
1053 1945 1098 2010 ill.
1127 1944 1156 2011 d.
1186 1944 1215 2013 d.
1242 1944 1436 2030 alphonsum

179 2059 286 2128 domm
309 2061 463 2127 Ferrariae
493 2079 546 2127 sen
577 2060 674 2125 alium
696 2078 750 2143 pro
774 2060 860 2126 vobis
884 2059 1022 2145 legitime
1051 2060 1304 2128 intersmiontem
1333 2062 1436 2128 tenore

179 2177 366 2262 presentium
396 2177 526 2242 citamus
549 2195 709 2244 monemus
733 2177 764 2243 at
786 2177 968 2261 requirimus
991 2177 1099 2261 primo,
1130 2177 1268 2256 secundo,
1291 2177 1382 2244 tertio
1405 2179 1437 2243 et

178 2293 379 2378 peremptoria
401 2294 550 2376 quatenus
580 2292 629 2358 die
651 2292 739 2358 Joris
761 2292 896 2376 proxime
921 2293 1023 2358 futura
1045 2312 1103 2378 que
1125 2292 1185 2358 erit
1206 2293 1272 2360 dies
1295 2312 1360 2359 xrs.
1382 2292 1433 2359 in-

179 2409 291 2476 stantis
314 2409 430 2474 mensis
452 2407 586 2492 Augusti
616 2427 718 2474 coram
741 2408 829 2476 nobis
852 2409 885 2475 in
915 2409 1038 2476 civitate
1061 2409 1224 2478 &vennae
1245 2410 1279 2475 in
1307 2409 1435 2476 ccclesia

178 2524 347 2592 cathedrali
369 2523 505 2591 eiusdem
528 2521 566 2589 de
588 2543 677 2590 mane
699 2524 774 2591 hora
797 2525 959 2591 tertiarum
981 2543 1071 2609 quem
1095 2526 1197 2592 locum
1219 2525 1434 2610 deputavimus

177 2659 231 2724 pro
254 2639 388 2720 iuridico‚
411 2641 442 2705 et
464 2639 612 2705 tribunali
641 2642 745 2707 nostro
768 2659 821 2724 par
844 2642 1068 2724 procuratorem
1091 2641 1227 2706 vestrum
1257 2641 1433 2726 legitimum

178 2757 209 2822 et
231 2755 373 2822 idoneum
388 2754 589 2840 compareatis
612 2755 651 2820 ad
667 2754 830 2822 videndum
853 2757 884 2822 et
904 2755 1088 2822 audiendum
1111 2757 1257 2825 nonnulla
1272 2757 1434 2842 privilegia

177 2873 245 2938 acta
268 2870 433 2954 scripturas
456 2871 661 2936 instrumenta
687 2872 719 2937 et
741 2871 931 2938 munimenta
954 2871 993 2937 ad
1013 2891 1118 2938 casum
1141 2872 1283 2939 facientia
1305 2873 1337 2939 et
1359 2893 1429 2940 con·

177 2986 339 3066 osmontia,
368 2986 546 3052 stillarum
571 2985 800 3070 transcriptioni
829 3006 883 3054 seu
907 2987 1086 3054 extractioni
1109 2986 1352 3055 interessendum
1382 2988 1432 3055 di·

176 3101 363 3186 cendnmque
391 3102 423 3167 et
452 3100 646 3186 allegandum
677 3101 820 3186 quicquid
849 3103 882 3168 in
905 3102 1079 3188 oppositum
1109 3103 1208 3170 dicere
1237 3105 1269 3171 et
1299 3104 1432 3188 allegare

176 3217 341 3297 volueritis,
365 3217 442 3282 alias
465 3217 551 3301 lapso
574 3217 655 3284 dicto
678 3218 809 3284 termino
832 3220 864 3284 et
878 3220 978 3285 restro
1002 3221 1195 3303 comparente
1218 3219 1268 3286 sel
1282 3237 1344 3285 non
1358 3238 1431 3303 pro·

176 3335 313 3400 curatore
336 3352 389 3400 seu
404 3335 506 3400 vestro
520 3332 627 3399 idoneo
643 3334 753 3417 agente
774 3334 825 3399 rel
843 3335 1012 3401 substituto
1034 3334 1169 3418 predicta
1185 3333 1346 3419 privilegia
1364 3335 1432 3400 acta

176 3448 343 3533 scripturas
364 3448 571 3515 instrumenta
592 3449 624 3514 et
644 3447 835 3515 munimenta
856 3449 894 3515 ad
910 3467 1034 3516 causam
1050 3450 1201 3531 facientia,
1224 3469 1260 3516 ac
1274 3467 1342 3517 eam
1357 3469 1431 3516 con·

176 3563 330 3631 cernentia
351 3563 432 3648 apud
454 3581 659 3649 quascumque
689 3582 834 3647 personas
864 3565 1026 3632 existentia
1055 3565 1246 3650 originaliter
1266 3567 1298 3633 et
1327 3584 1431 3632 eorum

176 3699 246 3747 vera
268 3679 475 3764 tramsumpta
497 3699 515 3746 a
538 3678 602 3745 suis
625 3678 732 3746 formis
755 3679 958 3764 originalibus
988 3681 1021 3746 in
1044 3681 1198 3765 publicam
1227 3683 1358 3748 formam
1381 3701 1430 3749 re-

175 3795 280 3863 dactas
303 3794 334 3861 et
356 3794 477 3862 redacta
507 3815 541 3861 ac
564 3795 620 3862 snb
645 3794 759 3880 sigillis
789 3795 975 3863 authenticis
998 3797 1145 3883 sigillata,
1175 3800 1207 3864 et
1229 3799 1286 3864 sub
1315 3797 1431 3864 talibus

176 3909 266 3977 modo
288 3911 320 3976 et
341 3910 439 3977 torma
462 3909 541 3995 quod
564 3907 680 3976 eisdem
703 3911 812 3977 merito
834 3911 867 3977 in
890 3913 1029 3979 &mana
1052 3914 1144 3993 curia,
1166 3915 1198 3979 et
1220 3915 1304 3980 extra
1323 3913 1431 3994 valeat,

175 4027 207 4094 at
229 4024 338 4092 debeat
359 4025 435 4092 fides
451 4026 588 4110 plenaria
610 4025 748 4093 adhiberi
770 4027 850 4092 nihil
872 4027 1009 4094 addendo
1025 4028 1074 4094 vel
1096 4028 1260 4097 minuendo
1282 4030 1336 4096 aut
1358 4049 1429 4095 mu·

176 4141 269 4208 tando
291 4141 371 4226 quod
385 4141 468 4232 iacti
491 4142 696 4208 substantiam
727 4144 826 4209 mutet
850 4163 903 4210 sen
926 4143 1023 4210 vadet
1045 4144 1236 4211 intellectum
1260 4145 1377 4211 extrahi
1400 4144 1431 4211 et

176 4257 341 4342 exemplari
363 4259 500 4342 recteque
523 4257 555 4324 et
577 4256 704 4324 iuridice
727 4258 917 4341 comprobari
947 4259 1036 4345 signo
1065 4259 1241 4327 tabellionis
1270 4261 1368 4326 nostri
1391 4259 1429 4326 ad

175 4373 232 4439 hcc
254 4372 392 4458 deputati
413 4391 467 4457 per
482 4390 537 4438 nos
553 4371 693 4456 legitime
716 4373 890 4440 curabimus
909 4374 1022 4459 illaque
1044 4375 1153 4442 nunde
1175 4394 1228 4442 seu
1244 4375 1430 4460 procuratori

175 4486 287 4573 prefati
308 4506 332 4553 s.
356 4486 384 4554 d.
400 4507 429 4553 n
452 4505 548 4572 papae
571 4485 729 4553 trademus
751 4489 783 4555 et
804 4489 1063 4575 consignabimus,
1085 4492 1118 4557 in
1141 4509 1270 4576 quorum
1291 4490 1429 4561 omnium
