3380 5088
800 344 1045 416 ..306-

299 545 407 612 mitius
430 543 590 610 nobiscum
614 542 739 627 agerent
762 540 943 608 admonitos.
979 539 1114 625 Cumque
1135 540 1241 625 paucis
1264 541 1335 607 autc
1357 539 1465 608 diebus
1486 541 1553 608 eis·

299 662 368 729 dem
391 659 519 726 ducibus
542 677 595 742 per
609 656 778 724 auditorem
801 676 891 723 cause
913 657 970 723 sub
992 655 1187 741 gravissimis
1209 655 1296 740 penis
1320 675 1358 724 ne
1379 656 1554 722 exactiones

298 777 417 860 aliqum
438 774 473 840 in
494 791 550 840 nos
572 773 735 856 prediaque
757 773 862 839 nostra
890 772 1082 856 imponerent
1104 773 1185 839 esset
1209 771 1385 852 inhibitum,
1407 772 1458 838 his
1480 789 1551 838 cm·

298 893 389 960 nibus
412 891 491 969 freti
514 888 711 973 sperabamus
733 887 797 955 fore
820 891 854 954 ut
876 888 967 954 duma
990 889 1028 954 ab
1051 887 1173 954 iniuriis
1189 887 1409 974 aliquantisper
1430 890 1551 972 tempe-

298 1009 409 1086 tarent,
431 1008 463 1071 et
484 1004 572 1072 nobis
591 1003 753 1088 abquando
776 1005 908 1071 extreme
930 1003 1054 1070 afflictis
1070 1003 1218 1088 respirare
1239 1004 1359 1080 liceret;
1383 1003 1437 1071 sed
1457 1005 1550 1089 longe

300 1141 386 1189 secus
415 1140 451 1186 ac
480 1119 585 1186 miseri
617 1118 818 1204 opinabamur
848 1119 957 1186 evenit
1011 1118 1081 1186 Hiis
1110 1138 1242 1204 numque
1265 1120 1409 1186 omuibus
1439 1120 1549 1205 spretis

299 1237 441 1322 omnique
463 1235 579 1301 calcata
594 1234 752 1314 modestia,
774 1234 941 1301 adversarii
963 1233 1129 1300 immanius
1147 1235 1246 1301 multo
1269 1253 1360 1320 quam
1384 1237 1454 1302 ente
1477 1236 1549 1302 nul·

298 1354 360 1418 lius
380 1352 426 1418 rei
447 1351 553 1416 habita
582 1349 699 1418 ratione
727 1349 883 1418 ferociunt.
929 1351 1043 1416 Parum
1073 1349 1149 1434 ipsis
1173 1351 1221 1416 est
1249 1349 1382 1434 patriam
1411 1353 1549 1418 nostram

299 1468 483 1545 devastasse,
505 1465 654 1546 civitates,
683 1485 767 1533 arces
791 1485 827 1531 ac
849 1465 940 1532 uillas
969 1466 1145 1532 innumerus
1176 1485 1346 1551 occupasse,
1376 1466 1549 1533 antistitem

300 1587 439 1652 nostrum
468 1582 501 1648 iu
523 1582 649 1648 erilium
666 1583 775 1667 egisse,
799 1580 979 1666 sanguinem
1002 1580 1131 1665 denique
1153 1581 1310 1648 innoxium
1332 1584 1365 1649 et
1386 1602 1457 1649 eum
1479 1583 1549 1667 qui-

299 1702 369 1768 dem
385 1699 586 1766 christianum
602 1697 744 1764 atrociter
759 1697 890 1764 fudisse:
913 1697 977 1764 nisi
996 1697 1092 1764 etiam
1107 1693 1242 1781 prediola
1257 1699 1363 1764 nostra
1385 1697 1550 1764 admodum

298 1835 394 1902 pauca
424 1815 462 1880 ad
492 1811 631 1879 diuinum
660 1813 777 1878 cultum
807 1813 839 1878 et
860 1813 976 1878 rictum
1002 1813 1051 1878 rix
1081 1811 1272 1891 sufficientia,
1299 1813 1550 1880 reverendissimo

300 1931 449 1998 cardinali
470 1928 651 2012 Moguutiuo
674 1947 710 1993 ac
732 1927 863 2012 Georgio
887 1926 1015 1994 saxonie
1038 1927 1112 1994 duce
1135 1929 1179 1994 sic
1201 1928 1281 1995 iuter
1303 1929 1436 2012 prefatos
1458 1928 1551 1995 duces

300 2051 331 2115 et
354 2066 409 2114 uos
425 2043 685 2130 componentibus,
701 2043 790 2109 uobis
813 2062 884 2128 egre
899 2043 1007 2110 relicta
1028 2043 1150 2128 penitus
1165 2043 1320 2132 diripiant.
1352 2043 1550 2112 Medietatem

299 2181 430 2248 namque
452 2159 590 2227 omnium
614 2159 769 2224 fructuum
792 2159 853 2225 sibi
868 2158 1037 2238 vendicant,
1061 2160 1093 2225 et
1115 2158 1194 2244 quod
1209 2159 1360 2245 reliquum
1383 2161 1432 2226 est
1453 2161 1551 2227 tantis

298 2277 503 2345 exactionibus
526 2276 557 2342 et
585 2273 679 2340 datiis
708 2277 839 2359 gravant
867 2295 909 2341 un
931 2275 1010 2341 nihil
1032 2276 1081 2341 rel
1110 2293 1219 2359 parum
1241 2275 1312 2342 iude
1341 2275 1381 2342 ud
1409 2277 1551 2342 nostrum

298 2415 388 2460 usum
411 2390 559 2458 deveniat.
605 2388 671 2470 ero
693 2389 730 2456 fit
753 2391 830 2456 bme.
854 2393 940 2475 pater
962 2393 998 2456 ut
1020 2389 1174 2456 diuturnis
1196 2389 1335 2456 cladibus
1358 2390 1498 2458 exhausti
1519 2392 1553 2457 et

300 2527 420 2577 summa
435 2507 571 2592 egestate
585 2506 768 2585 laborantes,
792 2524 826 2572 eo
842 2505 1036 2574 miseriarum
1059 2505 1269 2573 devenerimus
1292 2508 1327 2573 ut
1348 2505 1474 2592 plurimi
1492 2524 1550 2573 uc-

299 2629 398 2692 strum
420 2624 477 2689 has
493 2621 617 2688 taudmn
642 2621 728 2688 sedes
750 2623 782 2688 et
797 2621 957 2688 ecclesium
979 2621 1055 2687 olim
1077 2621 1232 2707 insignem
1247 2621 1383 2689 deserere
1405 2641 1551 2707 cogamur

296 2740 346 2807 rel
374 2738 476 2805 inedia
504 2739 536 2803 et
564 2737 645 2802 fame
680 2737 768 2804 uobis
797 2736 984 2822 pereundum
1015 2737 1064 2803 sit
1112 2737 1268 2804 Provoluti
1296 2737 1393 2822 igitur
1422 2737 1551 2823 pedibus

296 2854 496 2922 beatitudiuis
518 2855 618 2920 vestre
649 2853 688 2918 ad
711 2871 802 2938 quam
832 2872 925 2919 unam
948 2853 981 2918 in
1004 2853 1053 2918 his
1083 2853 1236 2937 augustiis
1259 2853 1346 2920 vobis
1374 2853 1548 2938 perbrgium

295 2974 351 3048 est,
380 2988 502 3036 oramus
525 2987 560 3035 ac
591 2987 683 3052 quarn
714 2987 876 3054 possumus
906 2967 1080 3035 humillime
1110 2987 1163 3052 per
1191 2968 1318 3034 vulnera
1348 2968 1550 3054 redemptoris

295 3085 393 3153 nostri
420 3085 612 3151 obsecramus
641 3086 675 3149 ut
704 3102 775 3149 cum
805 3083 871 3150 siue
900 3083 1036 3166 exemplo
1063 3083 1096 3148 in
1125 3101 1181 3150 nus
1211 3085 1343 3150 scritum
1373 3085 1429 3164 sit,
1458 3103 1548 3170 opor·

294 3201 380 3268 tuuis
402 3198 526 3266 undem
548 3197 691 3265 remediis
714 3198 802 3264 nobis
818 3197 969 3264 maturius
993 3198 1199 3277 subveniatur,
1222 3217 1318 3283 neque
1341 3218 1364 3264 s.
1380 3219 1406 3265 r.
1430 3199 1549 3266 melum

295 3317 353 3383 hoc
375 3315 469 3381 letius
493 3333 611 3398 serpere
634 3333 730 3399 neque
752 3332 808 3380 nos
831 3314 936 3399 utique
960 3312 1151 3380 Chmstieuos
1175 3314 1300 3380 ecclesie
1314 3314 1452 3380 Romam
1473 3314 1548 3381 obe·

296 3431 514 3508 dicatissimus,
538 3429 617 3495 nihil
639 3428 701 3496 tale
724 3430 850 3495 meritos
874 3429 1051 3495 chmetianis
1081 3429 1175 3495 armis
1199 3427 1293 3496 deleri
1315 3429 1458 3514 patiatrrr.
1504 3429 1550 3497 Ut

295 3546 421 3613 nudem
442 3563 515 3629 pace
538 3546 569 3611 et
591 3544 817 3628 bunqmllitate
847 3545 936 3612 nobis
958 3543 1077 3610 reddita
1099 3545 1130 3611 et
1160 3544 1304 3611 beneficio
1327 3546 1358 3611 et
1380 3564 1451 3612 cura
1473 3546 1548 3612 bea·

295 3660 439 3729 titudinis
463 3681 489 3726 r.
513 3660 571 3725 hac
593 3659 752 3726 teterrima
774 3659 928 3727 tirannide
957 3659 1080 3725 liberati
1103 3659 1200 3726 securi
1227 3659 1265 3725 ad
1288 3660 1346 3726 Dei
1374 3659 1496 3727 laudem
1518 3663 1551 3726 et

187 3784 193 3800 '
294 3777 420 3844 ecclesie
434 3775 571 3841 Romane
594 3775 726 3859 gloriam
749 3794 838 3860 egere
853 3774 1023 3859 pessimum
1045 3794 1105 3859 quc
1129 3775 1277 3842 sauctitas
1299 3776 1401 3841 restra
1423 3775 1549 3842 ecclesie

294 3897 396 3960 nostre
420 3893 535 3956 statum
566 3909 600 3956 ac
630 3891 808 3957 libertatem
831 3909 892 3957 uon
915 3892 1015 3957 solum
1043 3909 1236 3975 recuperasse
1262 3889 1315 3956 sed
1337 3890 1374 3956 de
1396 3909 1473 3959 nevo
1495 3890 1546 3956 iu-

294 4012 447 4074 staurasse
469 4005 578 4072 merito
600 4005 777 4089 predicetur.
807 4005 879 4083 Nos,
904 4004 984 4091 quod
1010 4005 1200 4073 incessanter
1222 4007 1253 4071 et
1275 4005 1385 4073 merito
1408 4006 1547 4086 iacimus,

293 4126 393 4191 Deum
415 4121 555 4206 precibus
577 4120 803 4188 ardentissimis
825 4120 957 4205 fatigare
980 4138 1042 4187 non
1064 4121 1247 4188 desistemus
1269 4123 1305 4186 ut
1326 4120 1546 4189 beatitudinem

294 4242 428 4307 raabam
450 4237 489 4302 ad
511 4237 650 4303 omnium
665 4236 723 4302 Dei
746 4236 944 4302 ecclesiarum
968 4235 1134 4304 tuicionem
1149 4255 1184 4302 uc
1206 4236 1421 4316 defensionem,
1443 4239 1548 4305 uostm

293 4359 396 4422 autem
426 4352 540 4418 afflicte
569 4353 602 4419 et
630 4350 847 4438 propemodum
878 4351 996 4435 perdite
1025 4353 1282 4438 recuperationem
1312 4371 1421 4419 sunam
1442 4355 1475 4420 et
1494 4353 1547 4422 iu·

293 4473 443 4538 columem
466 4469 603 4552 tempora
618 4487 671 4551 per
686 4466 823 4552 longiora
839 4485 1015 4534 conservare
1038 4467 1188 4552 dignetur.
1227 4467 1283 4534 Cui
1297 4487 1352 4535 nos
1368 4470 1548 4538 ecclesium·
