3400 5088
664 321 908 385 -121-

158 517 257 582 tecum
287 516 373 581 tanto
402 513 513 599 gaudio
536 515 567 580 et
596 514 741 580 felicitate
770 514 869 593 liceat
898 512 1027 579 eundem
1050 513 1151 578 Deum
1180 514 1211 578 ot
1239 511 1408 579 Dominum

158 632 296 697 nostrum
311 630 419 697 Jesum
435 629 591 696 Christum
608 630 759 714 supplices
782 629 985 713 deprecamur.
1032 627 1091 694 Sed
1113 629 1187 694 haec
1202 629 1308 695 eadem
1331 629 1408 694 alias

158 748 237 814 iuter
259 766 324 826 nos,
347 766 383 811 ac
405 748 439 812 ut
462 765 619 830 speramus
649 764 750 811 coram
773 747 807 810 in
828 745 905 829 ipsis
929 743 1043 828 optatis
1066 745 1255 828 amplexibus
1285 745 1408 825 nostris,

158 863 469 930 communicabantur.
521 861 612 928 Nunc
634 881 703 927 cum
726 862 757 927 et
779 860 826 928 tui
855 858 981 926 docendi
1002 859 1040 925 de
1062 860 1204 926 omnibns
1233 880 1309 946 quae
1341 863 1409 927 acta

158 980 229 1044 sunt
252 999 352 1060 causa
374 981 406 1046 et
420 980 524 1045 nostro
547 978 641 1043 etiam
656 978 779 1043 hortatu
802 996 837 1042 ac
853 995 945 1041 suasu
968 976 1160 1059 supradictus
1175 977 1309 1050 Joanues
1328 978 1407 1042 Bar·

157 1095 328 1161 tholomeus
358 1097 429 1160 turus
451 1096 552 1161 orator
575 1094 614 1160 ad
643 1097 747 1160 ser.tem
771 1095 857 1159 tuam
880 1092 1068 1176 profecturus
1090 1093 1180 1172 esset,
1210 1111 1264 1158 nos
1294 1109 1407 1178 cogno·

158 1214 275 1278 scentes
297 1211 332 1276 in
353 1211 410 1277 hoo
435 1211 497 1277 viro
520 1211 615 1277 talem
638 1229 704 1276 esse
727 1208 921 1292 prudentiam
952 1208 1130 1292 tanmmque
1160 1209 1252 1275 fidem
1281 1211 1312 1275 et
1335 1209 1407 1275 dex-

156 1328 326 1408 teritatem,
357 1329 503 1412 quantam
531 1328 565 1394 in
586 1325 782 1412 paucissimis
812 1345 918 1391 sumus
948 1324 1077 1408 experti,
1108 1344 1184 1408 quae
1207 1325 1271 1390 eius
1301 1325 1408 1405 virtus,

157 1443 326 1529 diligentia,
356 1442 531 1523 assiduitas,
561 1443 697 1508 studium
726 1443 848 1508 nostrae
878 1440 1098 1506 coniunctionis
1127 1442 1331 1524 procurandae
1353 1461 1408 1508 uos

156 1560 304 1626 maiorem
319 1560 352 1626 in
367 1560 491 1626 modum
513 1560 599 1626 iilius
613 1559 730 1638 virtuti
752 1557 984 1642 integritatique
1000 1555 1142 1636 devinxit
1166 1576 1219 1623 nec
1235 1559 1408 1624 curavimus

157 1677 253 1742 alium
276 1676 312 1743 de
335 1677 449 1742 uostris
473 1675 603 1757 mittere,
626 1677 657 1742 ot
679 1675 771 1741 huius
794 1673 884 1740 unius
914 1671 986 1738 fidei
1010 1691 1045 1738 ac
1066 1673 1213 1756 probitati
1236 1675 1316 1740 recte
1338 1693 1406 1740 om·

156 1793 207 1858 nia
229 1794 335 1859 nostra
357 1791 485 1859 consilia
507 1792 659 1859 committi
681 1790 892 1870 iudicavimus,
915 1789 968 1876 qui
990 1808 1026 1854 oa
1048 1788 1088 1854 ad
1109 1789 1140 1855 te
1162 1789 1299 1857 defemot.
1331 1790 1407 1857 tum

157 1909 183 1974 is
206 1909 387 1993 praesertim
410 1909 550 1975 assiduus
574 1907 663 1974 testis
687 1908 718 1973 et
733 1907 884 1991 spectator
906 1904 1060 1971 actionum
1084 1906 1335 1990 voluntatumque
1350 1927 1405 1973 no-

158 2027 299 2104 strarum,
323 2045 427 2090 verum
451 2024 489 2090 ad
513 2026 543 2090 te
565 2025 596 2091 et
619 2023 774 2109 integrum
797 2019 1010 2088 testimoninm
1039 2023 1142 2105 posset
1171 2021 1285 2103 afferre,
1314 2023 1409 2090 locuti

156 2140 251 2225 igibu
274 2159 380 2206 sumus
403 2161 472 2206 cum
495 2160 530 2207 eo
552 2140 665 2219 omnia,
688 2157 764 2224 quae
786 2137 982 2222 cupiebamus
1006 2156 1024 2202 a
1047 2139 1078 2203 te
1100 2136 1136 2203 de
1158 2138 1248 2204 nobis
1271 2139 1350 2218 sciri,
1373 2159 1408 2204 ac

156 2255 193 2321 de
215 2253 332 2322 eisdem
354 2256 447 2321 scribi
469 2254 508 2321 ad
538 2255 684 2322 dilectum
708 2254 807 2320 filium
831 2253 1063 2319 Baltbassarem
1085 2252 1303 2320 Castiboneum
1326 2275 1407 2322 nuo·

155 2371 236 2436 dum
258 2371 330 2436 istic
350 2372 489 2438 nostrum
512 2371 735 2438 mandavimus.
781 2367 898 2449 Quibus
920 2367 1058 2453 utrisque
1080 2368 1281 2438 referentibus
1303 2370 1362 2438 tibi
1376 2348 1417 2438 et*

156 2487 409 2572 significantibus,
431 2489 467 2554 ut
490 2493 585 2554 serbe
608 2489 661 2554 tua
676 2485 888 2571 plenissimam
903 2483 995 2552 fidem
1011 2504 1113 2551 rerum
1135 2486 1273 2552 omnium
1288 2487 1408 2566 habeat,

154 2601 240 2668 illam
263 2601 296 2668 in
319 2603 450 2670 Domino
473 2605 667 2670 vehementer
688 2602 894 2668 adhortamur.
939 2600 1056 2667 Datum
1078 2601 1194 2669 Romae
1215 2604 1271 2670 etc.
1292 2602 1341 2670 die
1364 2603 1407 2670 iii

155 2717 271 2803 Aprilis
294 2719 412 2788 mdxxv.
457 2721 547 2788 Anno
570 2718 708 2788 secundo.

335 2968 477 3055 Sequitur
498 2969 680 3038 credentiale
703 2989 756 3055 pro
779 2969 827 3036 Jo.
851 2967 957 3034 Bartiu
981 2966 1018 3035 de
1041 2965 1222 3035 Gattimria.

580 3139 735 3208 Oardinali
757 3137 935 3206 coronensi

580 3255 736 3324 Cardinali
758 3253 795 3323 de
818 3251 964 3321 Salviatis

580 3370 751 3438 Marchioui
772 3369 926 3437 Pmcariae

580 3487 660 3554 Duci
680 3485 854 3554 Mediolani

923 3628 982 3694 Die
1003 3629 1035 3694 et
1056 3647 1135 3694 anno
1158 3629 1193 3695 ut
1215 3647 1315 3713 supra

244 3861 386 3947 Sequitur
409 3863 493 3929 alind
507 3861 689 3928 credenticle
711 3879 765 3945 pro
783 3859 888 3927 eodem
911 3860 949 3926 ad
964 3861 1067 3927 Baith.
1083 3859 1300 3926 Cartilioneum
1323 3881 1403 3926 nun-

155 3980 244 4059 cium,
267 3979 300 4044 iu
322 3999 381 4064 quo
403 3979 435 4045 id
451 3979 581 4063 speciale
603 3975 744 4062 estquod
766 3975 900 4060 pontifex
915 3977 960 4043 ait
981 3996 1014 4042 se
1029 3976 1191 4044 mandasse
1213 3978 1241 4043 ei
1258 3976 1404 4062 perscribi

155 4115 207 4178 per
236 4095 496 4180 archiepiscopum
525 4095 704 4179 Capuanum
726 4091 829 4158 omnia
853 4111 907 4157 sua
936 4092 1063 4159 consilia
1091 4111 1109 4157 a
1138 4091 1207 4159 Job
1230 4092 1337 4159 Barth.
1366 4091 1404 4158 de

155 4209 328 4276 Gattinaria
350 4211 389 4276 ad
411 4208 571 4278 Gaesarem
592 4207 777 4296 perferenda.

927 4349 984 4415 Die
1007 4350 1038 4415 et
1060 4368 1139 4416 anno
1162 4349 1193 4416 et
1215 4369 1313 4437 supra.
