3396 5090
789 299 1031 365 -ιιι-

803 491 808 505 ’
875 524 947 590 142.

572 689 745 750 praelatis
768 693 804 747 et
828 688 1015 750 Nobilibus
1038 683 1250 770 Poloniae.¹)

372 840 563 908 Venerabilis
578 842 679 908 trater.
716 841 802 908 Inter
815 843 930 909 ceteras
952 862 1039 908 curas
1062 863 1137 928 quas
1152 863 1206 929 pro
1221 845 1298 910 bono
1321 845 1353 910 et
1374 843 1531 911 commodo

281 957 385 1042 gregis
400 957 561 1022 christiani
577 957 765 1041 suscepimus
788 960 819 1024 et
840 958 999 1043 inquibus
1018 978 1073 1025 nec
1087 959 1120 1024 in
1144 960 1273 1026 summis
1289 959 1418 1026 Sanctae
1440 959 1532 1025 huius

282 1071 369 1139 Sedis
392 1073 544 1158 angustiis
566 1075 703 1158 impense
726 1093 781 1140 nec
802 1073 836 1140 in
858 1074 943 1140 omni
964 1075 1067 1141 labore
1089 1075 1186 1142 animi
1209 1074 1408 1142 sollicitudini
1429 1075 1530 1158 parci·

280 1207 365 1269 mus,
394 1189 451 1255 hec
479 1209 596 1274 quoque
624 1189 657 1254 in
686 1191 774 1255 nobis
804 1190 868 1256 Dee
897 1190 1066 1274 inspirante
1102 1191 1209 1257 innata
1238 1193 1301 1270 cst,
1332 1192 1367 1256 ut
1396 1188 1531 1257 Moscovi

280 1304 387 1371 ducem
411 1307 566 1389 potentem
587 1307 618 1371 et
633 1324 790 1390 magnum,
814 1305 867 1372 sed
883 1305 999 1391 aliquot
1020 1307 1054 1372 in
1068 1308 1159 1373 rebus
1175 1326 1193 1372 a
1211 1307 1333 1372 sanctae
1350 1305 1532 1373 universalis

279 1421 422 1487 ecclesiae
437 1420 633 1506 dogmatibus
649 1420 811 1502 diversum,
827 1424 975 1507 quantum
989 1423 1078 1489 nobis
1094 1422 1175 1489 idem
1182 1423 1333 1489 Dominus
1349 1422 1532 1489 concesserit

278 1536 318 1603 ad
340 1537 505 1604 catholicae
520 1538 552 1603 et
573 1536 754 1604 ermodorae
769 1536 840 1603 fidei
862 1537 1013 1604 unitatem
1028 1537 1246 1623 adiungamus
1268 1557 1350 1618 narn,
1373 1558 1442 1604 cum
1457 1556 1529 1624 pro·

277 1653 359 1719 ximo
382 1671 461 1719 anno
484 1653 609 1737 quidam
630 1653 746 1719 Paulus
769 1651 911 1720 Centurio
940 1653 1015 1720 civis
1039 1651 1209 1721 Genucnsis
1239 1654 1279 1719 ad
1298 1654 1388 1720 illum
1411 1655 1449 1720 ob
1473 1673 1529 1720 sua

278 1769 401 1853 negotia
415 1769 607 1853 proficiscens
623 1767 888 1836 commendatitias
903 1788 922 1834 a
937 1771 1025 1836 nobis
1039 1769 1159 1836 litteras
1174 1769 1322 1854 petiisset
1345 1789 1401 1837 nos
1416 1769 1529 1836 litteris

276 1883 340 1950 illis
356 1884 450 1950 etiam
465 1883 686 1969 quodammode
709 1883 794 1950 ducis
809 1883 895 1950 illius
909 1885 1047 1951 nmmum
1063 1886 1249 1951 tentavimus
1272 1886 1298 1951 ai
1314 1885 1391 1952 forte
1413 1885 1530 1970 aperire

278 2000 370 2066 vellet
391 2001 475 2065 Deus
498 2000 611 2066 nostris
634 1999 770 2065 consiliis
799 2000 931 2067 ianuam.
977 1997 1095 2080 Quibus
1117 2001 1231 2066 literis
1260 2001 1401 2067 effectum
1423 2003 1471 2067 est
1493 2003 1529 2066 ut

277 2115 343 2199 ipse
372 2115 431 2181 dux
460 2118 491 2182 ct
518 2115 638 2183 litteras
668 2115 707 2181 ad
736 2134 791 2182 nos
820 2117 851 2182 ct
879 2117 1072 2184 Demetrium
1101 2117 1223 2182 Erasini
1251 2117 1408 2183 hominem
1438 2136 1528 2182 suum

276 2231 410 2308 miserit3
439 2250 530 2316 quam
552 2251 622 2298 curn
644 2251 724 2297 nnnc
746 2231 819 2297 illuc
841 2231 1044 2312 remittamus,
1067 2232 1217 2316 elegimus
1240 2251 1301 2298 una
1322 2251 1451 2311 cumae,
1474 2233 1527 2316 qui

276 2346 315 2413 ad
330 2347 519 2432 praedictum
535 2348 641 2414 ducem
656 2347 786 2413 nuncius
804 2348 907 2413 noster
921 2347 988 2427 iret
1004 2363 1107 2413 ven.rm
1123 2347 1249 2414 fratem
1263 2348 1415 2415 Joaunem
1429 2349 1527 2414 iran-

275 2462 391 2530 ciacum
419 2464 593 2548 episcopum
617 2459 793 2529 Scarensem
823 2462 979 2528 hominem
1002 2463 1110 2528 multis
1133 2464 1164 2529 et
1186 2462 1290 2528 arduis
1319 2464 1410 2531 robus
1439 2463 1528 2530 nobie

275 2579 440 2664 cognitum,
469 2579 635 2663 pollentem
664 2578 801 2645 doctrina
823 2579 970 2664 religione
999 2579 1191 2662 experientia
1214 2579 1267 2662 qui
1289 2580 1435 2646 tractaret
1456 2599 1525 2645 cum

275 2694 342 2778 ipso
371 2694 446 2761 duce
475 2696 579 2761 nostro
614 2695 737 2761 nomine
766 2695 891 2761 modurn
921 2695 952 2760 et
986 2694 1117 2760 formam
1147 2695 1367 2761 coniunctionis
1397 2697 1525 2762 nostrae.

275 2806 427 2891 Quoniam
456 2829 525 2876 vero
548 2810 587 2876 ad
608 2811 666 2876 hoc
686 2810 904 2896 perficiendum
925 2810 1079 2894 imprimis
1108 2811 1276 2895 opportuna
1298 2814 1330 2878 et
1357 2811 1526 2878 necessaria

274 2927 322 2992 cst
344 2926 434 2992 istius
457 2926 504 2992 tui
526 2926 607 3011 regis
623 2925 680 2991 lilii
703 2925 801 2991 nostri
822 2925 974 2992 carissimi
990 2926 1139 3006 veluntas,
1163 2925 1248 2992 cuius
1263 2945 1333 2992 cum
1349 2926 1452 2993 Mosco
1467 2945 1523 3010 pax

274 3042 305 3107 et
328 3041 486 3110 concordia
507 3061 655 3127 magnum
678 3043 869 3108 momentum
890 3041 962 3107 huic
979 3041 1105 3108 consilio
1128 3041 1260 3108 allatura
1274 3043 1330 3122 est
1353 3043 1384 3108 et
1406 3041 1445 3107 ad
1460 3041 1524 3108 eius

274 3157 395 3240 quidem
419 3160 613 3226 serenitatem
635 3157 795 3224 affeduose
818 3156 996 3235 scribimus3
1026 3157 1079 3224 sed
1107 3176 1177 3223 cum
1197 3158 1252 3222 tua
1274 3176 1392 3242 quoque
1412 3156 1522 3224 fratcr-

273 3271 355 3336 nitns
378 3273 466 3339 nobis
481 3273 580 3358 possit
602 3272 682 3357 apud
696 3271 837 3339 eumdem
860 3273 891 3338 et
906 3271 982 3337 alibi
996 3289 1063 3338 esse
1078 3271 1261 3352 adiumento,
1284 3273 1442 3340 laedamur
1455 3290 1523 3338 eam

274 3407 394 3455 summe
416 3389 449 3454 in
464 3389 595 3456 Domino
617 3389 653 3453 ut
675 3388 857 3472 coniungere
878 3387 1038 3454 nobiscum
1061 3405 1132 3454 suas
1148 3407 1235 3454 curas
1257 3391 1289 3455 et
1304 3387 1522 3488 sollicitudines

273 3501 312 3567 ad
334 3505 399 3569 tam
422 3505 609 3588 praeclaram
633 3524 698 3570 rem
719 3503 934 3589 perficiendam
958 3503 1040 3583 velit,
1063 3522 1210 3589 agereque
1232 3524 1303 3570 cunr
1325 3504 1385 3570 isto
1408 3503 1522 3588 optimo

271 3620 304 3684 et
324 3621 588 3704 praestantissimo
610 3639 689 3705 rege,
712 3638 767 3685 nec
788 3636 849 3685 non
872 3618 952 3702 apud
973 3619 1050 3685 alios
1072 3619 1126 3685 ubi
1148 3638 1224 3704 opus
1252 3619 1353 3698 fuerit,
1376 3621 1411 3685 ut
1432 3637 1520 3703 prae·

272 3733 372 3802 dictus
401 3737 529 3803 nuncius
552 3735 655 3802 noster
678 3735 808 3819 benigne
837 3733 1002 3817 accipiatur
1031 3752 1067 3800 ac
1090 3735 1239 3820 singulari
1268 3735 1350 3820 ragis
1373 3734 1522 3820 sapientia

271 3849 393 3936 tuisque
415 3852 542 3919 monitis
557 3851 716 3935 dirigatrr,
739 3869 809 3916 cum
832 3850 971 3915 nostrum
989 3849 1150 3916 consilium
1173 3851 1212 3916 ad
1234 3851 1355 3918 leudem
1378 3853 1409 3918 et
1430 3851 1521 3918 decus

270 3965 424 4050 imprimis
446 3967 538 4034 istius
561 3967 642 4052 regis
666 3966 707 4032 sit
728 3965 890 4044 intentum
919 3965 953 4030 in
975 3984 1034 4049 quo
1056 3966 1148 4034 faciet
1169 3966 1266 4033 fret.re
1296 3967 1350 4033 tua
1379 3987 1443 4034 rem
1467 3985 1521 4032 sua

270 4081 384 4148 virtuts
407 4081 542 4167 dignam,
564 4084 628 4149 Deo
651 4082 683 4149 et
705 4080 792 4147 nobis
814 4080 982 4165 plurimum
998 4082 1160 4164 acceptam.
1205 4084 1322 4149 Datum
1343 4083 1458 4150 Romae
1472 4081 1521 4148 dic

271 4196 353 4266 xviii.
376 4197 559 4264 Novembris
581 4197 700 4264 mdxxr.
745 4198 835 4263 Anno
858 4195 995 4262 secundo.

366 4449 383 4510 Ι)
402 4451 429 4499 ln
448 4450 493 4498 line
511 4451 623 4510 epistolae
642 4451 750 4498 notatur:
769 4447 873 4508 Quatuor
891 4447 1003 4508 praelatis
1021 4449 1046 4497 et
1065 4449 1162 4498 totidem
1181 4449 1306 4500 nobilibus.
