3380 5088
769 307 1014 376 ...258-

260 523 370 585 amore,
394 523 500 572 sumus
516 503 673 588 complexi,
696 502 881 588 dignitatem
896 521 931 568 ac
945 503 1079 570 veterem
1094 499 1329 585 amplitudinem
1344 499 1517 585 pertineret,

259 622 391 692 eundem
412 621 541 688 tratrem
561 619 733 686 Antonium
755 617 898 686 misimus
921 618 961 684 ed
982 609 1173 684 devotionem
1188 618 1283 694 tuam
1303 635 1430 701 samque
1448 635 1516 683 mo·

259 738 383 804 unimus
406 739 496 822 atque
519 735 634 802 hortati
657 753 772 812 sumus,
795 736 831 800 ut
852 732 998 818 quoniam
1021 751 1076 801 nos
1100 731 1161 817 ipsi
1185 751 1245 800 uon
1269 751 1438 816 possemus,
1462 752 1515 798 su·

259 855 389 938 scipsret
410 853 479 936 ipsa
501 870 570 918 earn
599 869 713 929 curam,
743 869 797 917 nec
820 849 1059 935 pretermitteret
1087 835 1208 916 tentam
1238 849 1436 926 occasionem,
1468 847 1515 914 sui

258 969 374 1036 ordinis
397 969 480 1035 uelut
502 987 538 1034 ex
554 985 668 1051 magna
689 966 873 1050 tempestate
894 966 928 1032 in
951 967 1073 1049 portum
1088 964 1258 1044 reducendi,
1282 983 1317 1030 ac
1332 965 1416 1030 nete
1439 983 1513 1032 cou-

258 1085 327 1150 silio
356 1085 479 1150 tentum
507 1084 695 1159 iuraremus,
734 1080 928 1148 adiunximus
959 1083 1109 1166 quantum
1137 1081 1293 1164 potuimus
1323 1081 1512 1147 auctoritatis

259 1202 389 1278 nostrae,
414 1199 494 1266 detis
510 1199 549 1265 ad
565 1199 717 1283 principes
733 1217 838 1265 omnes
853 1197 1037 1264 christianos
1054 1196 1160 1276 literis,
1184 1197 1294 1280 quibus
1310 1215 1512 1280 unumquem-

258 1336 316 1402 que
337 1335 442 1382 eorum
463 1315 502 1381 ad
525 1313 704 1382 conterenda
726 1314 760 1380 iu
782 1316 847 1380 tam
870 1315 1036 1380 salutarem
1051 1311 1273 1396 expeditionem
1295 1330 1372 1397 quae
1387 1313 1511 1396 possent

259 1432 375 1500 auxilia
399 1429 644 1508 adhortabamur,
668 1428 772 1496 addito
786 1429 890 1508 etam,
912 1431 949 1496 ut
962 1429 992 1494 oi
1013 1428 1105 1494 fidem
1120 1428 1274 1508 baberent,
1298 1445 1516 1512 quemcumque

258 1548 377 1614 devotio
401 1549 453 1613 tua
476 1546 516 1612 ad
538 1564 589 1612 eos
612 1545 650 1610 ob
674 1545 730 1612 hoc
753 1545 946 1622 destinasset,
970 1548 1005 1609 ut
1028 1546 1130 1610 nostro
1153 1543 1276 1611 nomine
1297 1543 1331 1610 in
1354 1543 1439 1610 omni
1460 1543 1514 1609 illa

257 1663 466 1748 negociatione
488 1680 580 1747 quem
603 1660 756 1727 latissime
779 1661 825 1726 uti
847 1679 967 1745 possem
991 1659 1069 1744 quod
1092 1659 1216 1743 quidem
1239 1678 1275 1724 ee
1297 1658 1414 1725 ratione
1436 1658 1511 1724 feci-

258 1797 336 1857 mus,
359 1798 398 1844 no
413 1776 573 1844 mittendis
588 1776 670 1842 ultro
685 1777 820 1860 citroque
843 1795 861 1840 a
876 1775 1035 1842 deuotione
1057 1777 1110 1840 tua
1125 1774 1165 1840 ad
1180 1792 1235 1840 nos
1251 1773 1377 1854 nuntiis,
1393 1776 1513 1858 tempus

256 1895 412 1972 tereretur,
435 1912 506 1960 cum
529 1911 605 1970 uere,
636 1893 691 1957 aut
712 1892 829 1957 aestate
851 1891 997 1975 proxime,
1028 1889 1251 1974 expeditionem
1273 1890 1361 1956 illam
1391 1889 1513 1958 omnino

258 2009 372 2093 suscipi
393 2009 530 2092 oportere
552 2008 766 2086 indicaremus,
789 2006 916 2073 adiectis
940 2006 979 2072 ad
1003 2004 1216 2073 subventiones
1240 2006 1414 2090 principum
1436 2023 1511 2090 quas

257 2143 310 2209 pro
333 2143 438 2190 eorunm
460 2124 612 2209 dignitate
635 2141 695 2188 nou
717 2123 842 2206 exiguas
873 2122 991 2187 futuras
1016 2123 1221 2205 sperabamus,
1252 2122 1345 2188 etiem
1369 2120 1511 2206 quicquid

257 2259 310 2306 ros
333 2260 368 2307 ex
392 2239 507 2306 ordinis
530 2239 624 2304 uestri
654 2237 852 2304 facultatibus
876 2237 1053 2304 contrahere
1078 2237 1216 2320 possetis,
1247 2255 1317 2302 cum
1339 2254 1400 2303 non
1423 2235 1512 2302 modo

256 2355 408 2440 perfectio,
433 2355 485 2422 ssd
508 2354 658 2440 incoeptio
681 2373 798 2440 quoque
820 2353 912 2420 huius
935 2352 1101 2418 clarissimi
1123 2353 1222 2437 operis
1246 2355 1327 2419 esset
1351 2353 1436 2420 vobis
1461 2371 1510 2418 sa-

256 2472 381 2548 lutarim
406 2470 557 2556 siquidem
578 2470 651 2536 hinc
674 2469 810 2536 futurum
835 2469 924 2548 esset,
953 2472 989 2535 nt
1011 2469 1083 2535 ordo
1106 2469 1205 2534 uester
1229 2471 1438 2535 exoneraretur
1461 2468 1510 2534 in·

257 2587 347 2666 vidia,
371 2605 430 2670 qua
452 2586 534 2671 apud
556 2605 661 2654 omnes
684 2585 748 2652 iam
770 2585 909 2652 nationes
932 2584 1006 2651 adeo
1029 2585 1185 2669 premitur,
1216 2586 1252 2650 ut
1273 2584 1405 2650 maxime
1428 2584 1509 2668 peri·

256 2703 387 2780 clitetur,
411 2721 539 2786 cumque
563 2701 678 2787 negotii
705 2701 842 2786 gravitas
866 2701 1031 2785 requireret
1060 2719 1098 2766 ne
1120 2699 1159 2764 ad
1182 2700 1284 2784 plures
1314 2700 1379 2765 eius
1402 2699 1512 2768 notitia

256 2818 419 2896 deveniret
442 2818 617 2885 monuimus
648 2817 765 2884 deu.nem
790 2818 876 2882 tuam
899 2819 934 2882 ut
955 2816 995 2882 iis
1019 2817 1149 2896 tentum,
1182 2814 1283 2882 medio
1313 2817 1510 2894 sacramento,

256 2933 501 3012 communicaret
524 2933 577 3019 qui
592 2932 756 2998 autoritate
778 2932 858 2998 iuter
874 2933 1007 2996 coeteros
1030 2929 1206 3010 eminerent,
1228 2933 1261 2996 et
1275 2949 1404 3016 quorum
1418 2931 1509 2998 fidem

256 3067 291 3114 ac
313 3047 460 3114 iudicium
483 3049 674 3132 perspectum
697 3049 839 3124 haberem
867 3066 1005 3113 reversus
1028 3048 1159 3116 estnon
1181 3047 1279 3112 multo
1302 3048 1372 3130 post
1394 3046 1434 3112 ad
1455 3064 1510 3112 nos

255 3166 307 3229 tuo
338 3163 432 3242 iussu
463 3163 544 3230 idem
567 3163 602 3228 fr.
627 3163 778 3228 Antonius
808 3162 862 3247 qui
891 3162 1005 3241 retunt,
1029 3182 1061 3228 re
1084 3181 1102 3226 a
1124 3160 1282 3230 deuotione
1312 3164 1366 3228 tua
1395 3163 1510 3248 aliquot

254 3279 410 3363 primariis
426 3281 458 3345 et
481 3297 611 3362 magnae
626 3277 827 3362 experientiae
842 3277 916 3344 uiris
931 3277 1164 3356 communicate,
1186 3277 1391 3363 expositisque
1412 3277 1509 3364 parti·

255 3393 398 3460 culariter
422 3393 487 3460 eiua
510 3395 660 3460 tractatus
684 3393 901 3472 fundamentis,
924 3393 1032 3460 multis
1057 3412 1146 3477 super
1167 3393 1225 3458 hoc
1239 3392 1510 3460 deliberationibus

254 3507 378 3586 habitis,
401 3509 543 3576 omnibus
566 3509 647 3576 idern
671 3508 772 3575 risum
793 3508 985 3576 nullomodo
1008 3509 1113 3574 tantae
1135 3508 1180 3574 rei
1201 3509 1390 3578 occasionem
1413 3509 1509 3576 aDec

254 3624 389 3691 oblatam
413 3625 617 3692 omittendam
640 3643 721 3703 esse,
752 3624 898 3691 aeduum
928 3626 1035 3690 tenues
1063 3625 1166 3690 esseut
1189 3623 1268 3690 uires
1291 3627 1425 3706 vestrae,
1455 3644 1510 3692 nec

137 3721 146 3742 ⁹
254 3739 388 3805 multum
403 3741 441 3806 ob
457 3738 624 3806 discordias
641 3739 813 3824 principum
835 3740 869 3806 in
891 3759 995 3806 eorum
1012 3739 1134 3806 auxiliis
1151 3740 1217 3824 spei
1230 3740 1405 3824 ponendum
1419 3743 1509 3820 esset,

254 3853 350 3922 videri
371 3853 593 3939 expeditionem
607 3874 701 3940 quam
723 3875 779 3924 nos
796 3875 863 3922 uere
886 3853 1125 3940 aggrediendam
1140 3857 1348 3936 censebamus,
1370 3856 1405 3922 in
1420 3875 1507 3924 men·

254 3989 320 4035 sem
342 3971 526 4055 Augustum,
549 3971 603 4055 qui
624 3970 759 4055 proxime
782 3971 978 4055 clamasset,
1001 3969 1205 4052 reiiciendam,
1228 3970 1268 4036 ed
1282 3971 1363 4056 quod
1378 3973 1508 4056 tempus,

253 4084 395 4151 omnibus
418 4086 508 4151 rebus
530 4085 698 4170 paratiores
721 4087 812 4170 atquo
834 4085 1044 4152 instructiores
1067 4085 1228 4170 negocium
1250 4085 1379 4174 aggredi
1402 4106 1506 4174 spera·

253 4201 343 4280 batis,
366 4201 569 4286 profecturam
584 4201 708 4268 interim
724 4201 842 4268 der.nrm
860 4204 946 4268 tuam
959 4203 993 4268 in
1007 4201 1164 4288 dugliam,
1188 4201 1400 4290 adituramque
1413 4203 1507 4270 otiam

251 4315 357 4383 eodem
372 4316 480 4383 itinere
495 4335 600 4401 regem
614 4317 905 4386 christianissimum
923 4319 1168 4403 teutatmamque
1183 4317 1257 4404 quid
1270 4318 1337 4404 opis
1353 4317 1401 4384 illi
1420 4337 1506 4406 reges

252 4431 378 4500 inhauo
401 4437 474 4498 stem
490 4433 711 4516 expeditionem
726 4433 861 4500 conterre
877 4434 1004 4510 relleut3
1026 4451 1094 4500 esse
1108 4434 1204 4502 etiam
1219 4434 1253 4502 iu
1268 4432 1371 4500 Gallia
1395 4435 1507 4520 sylvas,
