3400 5088
760 316 981 384 ...34-

245 514 352 600 gendis
388 512 449 581 sibi
476 511 651 580 commissis
679 513 813 600 negooiis
842 511 1014 598 adiungere.
1060 511 1139 581 Vere
1171 511 1254 581 enim
1283 511 1495 580 existimamus

245 631 388 718 quioquid
416 631 587 715 cogitamus
609 630 759 714 pertinere
788 630 827 695 ad
855 630 989 696 nominis
1010 629 1171 712 Heluotiai,
1193 629 1273 716 quod
1294 630 1383 697 nobis
1406 649 1496 714 super

244 748 347 815 omnin
368 747 451 814 eordi
472 749 528 827 est
552 747 683 813 salntem
705 746 755 813 vel
775 745 1041 825 existimationem,
1064 765 1140 830 quae
1163 745 1191 812 si
1207 765 1342 830 unquam
1364 744 1442 810 alias
1464 745 1496 810 et

244 865 349 930 nostra
370 882 451 928 nuno
472 881 544 928 ourn
572 881 608 928 ao
630 861 722 927 huius
745 860 816 928 Stoa
839 859 927 928 Sedis
957 860 1166 929 coniunctione
1195 861 1316 949 indiget
1337 862 1369 928 et
1390 878 1495 928 eorum
1612 902 1614 915 ·

141 1035 147 1050 .
243 980 297 1065 qui
316 979 395 1045 inibi
408 978 570 1063 prudentia
582 977 714 1062 praediti
728 979 800 1043 sunt
821 977 934 1042 auxilio
956 979 1046 1062 atque
1061 977 1182 1044 virtute.
1213 977 1384 1046 Hortamur
1398 976 1495 1061 igitur

243 1095 329 1160 tuam
344 1094 534 1160 devotionem
548 1093 581 1159 in
590 1093 722 1159 Domino
737 1094 772 1158 ut
780 1093 883 1176 ipsum
891 1093 1067 1176 episcopum
1076 1092 1239 1178 diligenter
1252 1093 1358 1162 sudus
1373 1093 1493 1159 iuvare-

243 1230 302 1295 que
314 1212 347 1277 et
367 1208 460 1276 fidem
482 1209 530 1274 illi
544 1208 702 1275 indubiam
716 1210 860 1293 praebere
875 1209 959 1289 velis,
982 1227 1018 1274 eo
1040 1211 1161 1275 nostrae
1176 1209 1310 1293 optimae
1324 1209 1362 1275 de
1378 1209 1409 1274 ts
1423 1208 1491 1292 opi·

241 1326 327 1395 nioni
348 1328 402 1392 tua
422 1324 633 1393 benevolentia
654 1343 726 1408 erga
741 1344 812 1391 oum
833 1326 865 1390 ot
879 1325 1020 1409 operibus
1034 1324 1222 1410 respondero
1246 1324 1357 1410 quibus
1380 1323 1493 1391 effioies

242 1443 277 1508 ut
291 1442 351 1508 tibi
363 1460 419 1508 nos
433 1461 551 1526 quoque
565 1440 673 1508 debere
695 1441 830 1525 gratiam
844 1442 876 1507 ot
890 1441 1169 1528 compensationem
1184 1440 1345 1508 fateamur.
1377 1441 1493 1506 Datum

242 1557 358 1625 Romae
379 1559 435 1624 eto.
459 1556 508 1623 dio
530 1556 604 1622 xiiii
627 1556 785 1624 Februarii
807 1555 926 1624 mdrxv.
971 1556 1061 1623 Anno
1084 1556 1221 1624 seeundo.

807 1671 892 1760 (Fori
910 1672 932 1760 ).

528 1787 617 1854 Anno
640 1787 770 1868 eoeuudo
793 1786 912 1855 mdm.
958 1787 1116 1854 Februarii
1138 1787 1212 1854 xiiii.

242 1902 291 1969 Ad
312 1903 442 1988 triginta
464 1921 525 1970 non
553 1903 735 1970 nominatos.
780 1904 882 1970 Donos
898 1905 955 1970 sub
978 1921 1158 1989 unaquaque
1179 1903 1313 1980 minuto3
1337 1921 1372 1969 ao
1393 1903 1492 1970 tribus

606 2019 690 2086 intus
712 2020 875 2098 annotetis,
898 2038 951 2105 pro
975 2019 1135 2085 Verulano.

845 2279 898 2346 59.
980 2327 983 2332 -

763 2445 970 2506 valesdunis.

331 2598 519 2668 Dilootifili'n
542 2593 619 2665 Cum
633 2597 827 2666 mitteremus
836 2618 902 2667 ren
918 2599 1053 2667 fratrem.
1076 2599 1110 2666 ll.
1119 2599 1296 2684 episcopum
1304 2601 1494 2668 Verulanum

243 2717 388 2784 nuntium
409 2717 549 2783 nostrum
577 2714 617 2780 ad
638 2714 795 2782 Helvetios
817 2717 849 2780 ot
871 2714 910 2780 ad
932 2733 995 2796 ros,
1024 2714 1078 2799 qni
1099 2715 1149 2781 his
1172 2717 1360 2802 temporibus
1381 2717 1493 2802 ubique

242 2831 420 2917 perioulosis
441 2830 566 2897 illorum
588 2830 720 2896 sulutem
742 2832 773 2896 et
794 2849 988 2897 communem
1010 2849 1117 2916 poosm
1140 2849 1232 2915 quam
1254 2833 1368 2918 impiae
1390 2834 1493 2900 sootae

241 2949 432 3014 Lntherunao
453 2946 589 3030 pravitas
618 2945 810 3012 conturbavit
838 2946 1018 3029 procuraret
1049 2944 1188 3013 dedimus
1210 2947 1244 3014 in
1273 2947 1428 3015 mandetis
1457 2950 1494 3014 ut

242 3083 313 3131 oum
335 3062 545 3130 devotionibus
567 3061 678 3127 restris
700 3080 775 3146 quas
798 3080 860 3127 non
882 3062 982 3128 solnm
1004 3079 1078 3147 erga
1100 3061 1201 3128 Deum
1223 3062 1360 3149 integras
1383 3063 1436 3130 sod
1459 3063 1492 3130 in

245 3177 390 3246 Sunotam
413 3175 523 3244 Sedom
552 3177 751 3261 apostolicam
779 3175 839 3242 fide
868 3194 1029 3261 amoreque
1057 3179 1233 3245 oonstantes
1261 3197 1329 3246 esse
1351 3179 1492 3246 norimus

242 3297 342 3362 multa
354 3294 500 3360 tractaret
521 3292 561 3359 ad
577 3293 717 3358 nostrum
731 3294 763 3358 et
779 3291 916 3359 eiusdem
932 3290 962 3359 S.
977 3290 1066 3358 Sedis
1088 3293 1282 3360 oommodum
1296 3295 1491 3380 vastumque

241 3410 440 3496 pertinentie;
469 3426 540 3476 oum
560 3427 615 3494 pro
644 3410 750 3476 nostra
775 3427 848 3494 erga
876 3427 930 3474 ros
951 3410 1079 3492 paterne
1105 3409 1314 3477 benevolentia
1336 3429 1491 3477 summam

241 3526 407 3613 quamdam
429 3543 533 3592 euram
555 3525 589 3590 in
610 3525 713 3592 animo
735 3527 838 3592 nostro
853 3525 950 3591 vestri
972 3525 1093 3611 generis
1115 3527 1147 3592 et
1169 3525 1292 3592 honoris
1314 3527 1490 3594 habeamus.

241 3640 302 3724 Qui
322 3641 446 3727 quidem
465 3641 624 3726 episeopus
645 3659 715 3708 oum
737 3641 779 3708 sit
800 3641 888 3708 nobis
910 3642 950 3707 ob
969 3639 1179 3726 integritatem
1194 3643 1226 3709 et
1240 3642 1433 3727 prudentiam
1455 3661 1492 3709 ao

240 3755 383 3844 psi-ltinm
404 3759 541 3824 restrum
570 3756 707 3823 omnium
737 3775 856 3823 summe
884 3757 992 3841 gratus
1014 3757 1046 3822 st
1068 3757 1221 3841 probatus,
1250 3757 1318 3823 tum
1341 3777 1415 3844 erga
1435 3777 1490 3824 ros

241 3892 344 3941 amors
365 3873 398 3940 et
420 3871 521 3938 studio
543 3873 591 3940 est
614 3871 774 3958 singulari
820 3871 910 3937 Hono
938 3873 973 3937 ut
994 3871 1035 3937 ad
1055 3890 1109 3937 ros
1131 3872 1324 3939 secedentem
1346 3875 1378 3941 ot
1400 3893 1489 3941 mon-

240 3989 314 4056 data
335 3988 421 4055 vobis
442 3988 548 4054 nostra
568 3988 767 4072 exponentem
788 3988 876 4073 grate
890 3986 1079 4072 benignoque
1102 3986 1277 4054 admittatis
1295 3989 1490 4056 vehementer

242 4122 296 4171 ros
318 4103 351 4169 in
373 4103 505 4168 Domino
527 4101 700 4181 hortamur3
727 4103 821 4188 utque
849 4102 879 4170 ei
900 4101 985 4168 omui
1006 4120 1062 4186 opo
1084 4121 1232 4189 operaque
1261 4107 1363 4172 rostra
1384 4106 1492 4173 edesse

240 4218 353 4286 auxilio
373 4217 477 4284 velitis
498 4237 557 4302 quo
579 4219 607 4284 is
624 4218 736 4284 molius
758 4219 790 4284 ot
803 4218 968 4302 pristinam
989 4219 1070 4285 inter
1085 4217 1242 4286 Helvetios
1264 4220 1489 4288 confoederatos

240 4335 358 4401 rostms
380 4331 569 4399 oonoordinm
598 4333 782 4400 constituero
804 4336 836 4398 et
864 4334 1010 4400 honorem
1032 4352 1068 4400 so
1090 4333 1181 4401 doous
1211 4340 1276 4401 aba
1304 4335 1490 4403 christianae

240 4449 398 4535 religionis
426 4447 566 4515 roduoere
597 4448 635 4513 ad
665 4467 716 4513 eos
748 4448 801 4533 qui
830 4449 1011 4515 aberrarunt
1039 4451 1145 4535 possit.
1206 4451 1376 4537 inquibus
1399 4453 1489 4518 rebus
