<?xml version="1.0" encoding="UTF-8"?>
<!DOCTYPE html PUBLIC "-//W3C//DTD XHTML 1.0 Transitional//EN"
    "http://www.w3.org/TR/xhtml1/DTD/xhtml1-transitional.dtd">
<html xmlns="http://www.w3.org/1999/xhtml" xml:lang="en" lang="en">
 <head>
  <title>
</title>
<meta http-equiv="Content-Type" content="text/html;charset=utf-8" />
  <meta name='ocr-system' content='tesseract 3.04.00' />
  <meta name='ocr-capabilities' content='ocr_page ocr_carea ocr_par ocr_line ocrx_word'/>
</head>
<body>
  <div class='ocr_page' id='page_1' title='image "./monumentasaecul00clemgoog_0317.png"; bbox 0 0 3380 5088; ppageno 0'>
   <div class='ocr_carea' id='block_1_1' title="bbox 760 376 998 476">
    <p class='ocr_par' dir='ltr' id='par_1_1' title="bbox 760 376 998 476">
     <span class='ocr_line' id='line_1_1' title="bbox 760 376 998 476; baseline -0.008 -48"><span class='ocrx_word' id='word_1_1' title='bbox 760 376 998 476; x_wconf 58' lang='lat'><strong>..300-</strong></span> 
     </span>
    </p>
   </div>
   <div class='ocr_carea' id='block_1_2' title="bbox 104 571 1504 661">
    <p class='ocr_par' dir='ltr' id='par_1_2' title="bbox 104 571 1504 661">
     <span class='ocr_line' id='line_1_2' title="bbox 104 571 1504 661; baseline -0.004 -18"><span class='ocrx_word' id='word_1_2' title='bbox 104 589 108 600; x_wconf 91' lang='grc'><strong><em>·</em></strong></span> <span class='ocrx_word' id='word_1_3' title='bbox 255 575 437 661; x_wconf 79' lang='lat' dir='ltr'><strong>apostolieae</strong></span> <span class='ocrx_word' id='word_1_4' title='bbox 460 594 521 643; x_wconf 92' lang='lat' dir='ltr'><strong>non</strong></span> <span class='ocrx_word' id='word_1_5' title='bbox 543 575 688 642; x_wconf 79' lang='lat' dir='ltr'><strong>facientes</strong></span> <span class='ocrx_word' id='word_1_6' title='bbox 704 576 827 661; x_wconf 89' lang='lat' dir='ltr'><strong>plenam</strong></span> <span class='ocrx_word' id='word_1_7' title='bbox 849 577 881 642; x_wconf 91' lang='lat' dir='ltr'><strong>et</strong></span> <span class='ocrx_word' id='word_1_8' title='bbox 903 593 1084 659; x_wconf 78' lang='lat' dir='ltr'>expressam,</span> <span class='ocrx_word' id='word_1_9' title='bbox 1108 593 1143 642; x_wconf 87' lang='lat' dir='ltr'><strong>ac</strong></span> <span class='ocrx_word' id='word_1_10' title='bbox 1165 573 1203 640; x_wconf 92' lang='lat' dir='ltr'><strong>de</strong></span> <span class='ocrx_word' id='word_1_11' title='bbox 1217 573 1310 641; x_wconf 89' lang='lat' dir='ltr'><strong>verba</strong></span> <span class='ocrx_word' id='word_1_12' title='bbox 1331 573 1364 640; x_wconf 90' lang='lat' dir='ltr'><strong>et</strong></span> <span class='ocrx_word' id='word_1_13' title='bbox 1378 571 1504 640; x_wconf 90' lang='lat' dir='ltr'><strong>verbum</strong></span> 
     </span>
    </p>
   </div>
   <div class='ocr_carea' id='block_1_3' title="bbox 254 687 1505 1358">
    <p class='ocr_par' dir='ltr' id='par_1_3' title="bbox 254 687 1505 1358">
     <span class='ocr_line' id='line_1_3' title="bbox 255 687 1504 775; baseline -0.004 -17"><span class='ocrx_word' id='word_1_14' title='bbox 255 691 292 759; x_wconf 95' lang='lat' dir='ltr'><strong>de</strong></span> <span class='ocrx_word' id='word_1_15' title='bbox 306 691 434 770; x_wconf 48' lang='lat' dir='ltr'><strong>xindulto</strong></span> <span class='ocrx_word' id='word_1_16' title='bbox 456 691 633 760; x_wconf 90' lang='lat' dir='ltr'><strong>huiusmodi</strong></span> <span class='ocrx_word' id='word_1_17' title='bbox 654 692 850 759; x_wconf 89' lang='lat' dir='ltr'><strong>mentionem.</strong></span> <span class='ocrx_word' id='word_1_18' title='bbox 895 689 985 757; x_wconf 87' lang='lat' dir='ltr'>Nulli</span> <span class='ocrx_word' id='word_1_19' title='bbox 999 709 1071 775; x_wconf 83' lang='lat' dir='ltr'><strong>ergo</strong></span> <span class='ocrx_word' id='word_1_20' title='bbox 1094 691 1150 757; x_wconf 91' lang='lat' dir='ltr'><strong>etc.</strong></span> <span class='ocrx_word' id='word_1_21' title='bbox 1173 690 1278 758; x_wconf 87' lang='lat' dir='ltr'><strong>nostre</strong></span> <span class='ocrx_word' id='word_1_22' title='bbox 1293 687 1504 770; x_wconf 78' lang='lat' dir='ltr'><strong>absolutionis,</strong></span> 
     </span>
     <span class='ocr_line' id='line_1_4' title="bbox 255 803 1503 894; baseline -0.003 -20"><span class='ocrx_word' id='word_1_23' title='bbox 255 807 445 887; x_wconf 75' lang='lat' dir='ltr'><strong>cassationis,</strong></span> <span class='ocrx_word' id='word_1_24' title='bbox 468 807 658 889; x_wconf 86' lang='lat' dir='ltr'><strong>irritationis,</strong></span> <span class='ocrx_word' id='word_1_25' title='bbox 688 807 897 889; x_wconf 77' lang='lat' dir='ltr'><strong>revocationis,</strong></span> <span class='ocrx_word' id='word_1_26' title='bbox 919 805 1148 894; x_wconf 75' lang='lat' dir='ltr'><strong>enuntiationis,</strong></span> <span class='ocrx_word' id='word_1_27' title='bbox 1170 803 1406 891; x_wconf 78' lang='lat' dir='ltr'><strong>approbationis,</strong></span> <span class='ocrx_word' id='word_1_28' title='bbox 1429 823 1503 871; x_wconf 88' lang='lat' dir='ltr'><strong>oon·</strong></span> 
     </span>
     <span class='ocr_line' id='line_1_5' title="bbox 254 920 1503 1006; baseline -0.003 -16"><span class='ocrx_word' id='word_1_29' title='bbox 254 923 447 1006; x_wconf 87' lang='lat' dir='ltr'><strong>firmationis,</strong></span> <span class='ocrx_word' id='word_1_30' title='bbox 470 925 588 1004; x_wconf 65' lang='lat' dir='ltr'><strong>sabuti,</strong></span> <span class='ocrx_word' id='word_1_31' title='bbox 611 923 732 1003; x_wconf 91' lang='lat' dir='ltr'><strong>decreti,</strong></span> <span class='ocrx_word' id='word_1_32' title='bbox 754 921 963 1003; x_wconf 86' lang='lat' dir='ltr'><strong>ordinationis,</strong></span> <span class='ocrx_word' id='word_1_33' title='bbox 985 921 1196 1002; x_wconf 70' lang='lat' dir='ltr'><strong>concessionis,</strong></span> <span class='ocrx_word' id='word_1_34' title='bbox 1218 920 1430 1002; x_wconf 77' lang='lat' dir='ltr'><strong>restitutionis,</strong></span> <span class='ocrx_word' id='word_1_35' title='bbox 1453 920 1503 986; x_wconf 93' lang='lat' dir='ltr'><strong>in·</strong></span> 
     </span>
     <span class='ocr_line' id='line_1_6' title="bbox 255 1035 1505 1126; baseline -0.003 -20"><span class='ocrx_word' id='word_1_36' title='bbox 255 1039 415 1107; x_wconf 80' lang='lat' dir='ltr'><strong>bibitionis</strong></span> <span class='ocrx_word' id='word_1_37' title='bbox 430 1042 486 1108; x_wconf 77' lang='lat' dir='ltr'><strong>etc.</strong></span> <span class='ocrx_word' id='word_1_38' title='bbox 502 1039 648 1107; x_wconf 87' lang='lat' dir='ltr'><strong>mandata</strong></span> <span class='ocrx_word' id='word_1_39' title='bbox 670 1039 836 1126; x_wconf 82' lang='lat' dir='ltr'><strong>infringere</strong></span> <span class='ocrx_word' id='word_1_40' title='bbox 851 1040 906 1106; x_wconf 91' lang='lat' dir='ltr'><strong>etc.</strong></span> <span class='ocrx_word' id='word_1_41' title='bbox 930 1039 1033 1125; x_wconf 82' lang='lat' dir='ltr'><strong>Siquis</strong></span> <span class='ocrx_word' id='word_1_42' title='bbox 1056 1040 1111 1106; x_wconf 88' lang='lat' dir='ltr'><strong>etc.</strong></span> <span class='ocrx_word' id='word_1_43' title='bbox 1149 1039 1266 1106; x_wconf 87' lang='lat' dir='ltr'><strong>Datum</strong></span> <span class='ocrx_word' id='word_1_44' title='bbox 1287 1038 1403 1104; x_wconf 86' lang='lat' dir='ltr'><strong>Romae</strong></span> <span class='ocrx_word' id='word_1_45' title='bbox 1425 1035 1505 1121; x_wconf 90' lang='lat' dir='ltr'><strong>apud</strong></span> 
     </span>
     <span class='ocr_line' id='line_1_7' title="bbox 256 1152 1505 1241; baseline -0.004 -18"><span class='ocrx_word' id='word_1_46' title='bbox 256 1153 402 1222; x_wconf 80' lang='lat' dir='ltr'><strong>Sanctum</strong></span> <span class='ocrx_word' id='word_1_47' title='bbox 424 1156 551 1223; x_wconf 90' lang='lat' dir='ltr'><strong>Petrum</strong></span> <span class='ocrx_word' id='word_1_48' title='bbox 579 1174 658 1223; x_wconf 93' lang='lat' dir='ltr'><strong>anno</strong></span> <span class='ocrx_word' id='word_1_49' title='bbox 681 1157 737 1222; x_wconf 84' lang='lat' dir='ltr'><strong>etc.</strong></span> <span class='ocrx_word' id='word_1_50' title='bbox 782 1155 949 1223; x_wconf 85' lang='lat' dir='ltr'><strong>Millesimo</strong></span> <span class='ocrx_word' id='word_1_51' title='bbox 971 1154 1216 1241; x_wconf 82' lang='lat' dir='ltr'><strong>quingentesimo</strong></span> <span class='ocrx_word' id='word_1_52' title='bbox 1238 1152 1505 1238; x_wconf 71' lang='lat' dir='ltr'><strong>vigesimaquarta</strong></span> 
     </span>
     <span class='ocr_line' id='line_1_8' title="bbox 255 1270 1178 1358; baseline 0 -21"><span class='ocrx_word' id='word_1_53' title='bbox 255 1271 306 1338; x_wconf 86' lang='lat' dir='ltr'><strong>vii</strong></span> <span class='ocrx_word' id='word_1_54' title='bbox 329 1272 388 1338; x_wconf 80' lang='lat' dir='ltr'><strong>ini</strong></span> <span class='ocrx_word' id='word_1_55' title='bbox 413 1270 609 1358; x_wconf 83' lang='lat' dir='ltr'><strong>Septembris,</strong></span> <span class='ocrx_word' id='word_1_56' title='bbox 632 1272 826 1358; x_wconf 85' lang='lat' dir='ltr'><strong>pontificatus</strong></span> <span class='ocrx_word' id='word_1_57' title='bbox 851 1273 948 1340; x_wconf 89' lang='lat' dir='ltr'><strong>nostri</strong></span> <span class='ocrx_word' id='word_1_58' title='bbox 970 1291 1049 1340; x_wconf 85' lang='lat' dir='ltr'><strong>anno</strong></span> <span class='ocrx_word' id='word_1_59' title='bbox 1072 1270 1178 1356; x_wconf 89' lang='lat' dir='ltr'><strong>primo.</strong></span> 
     </span>
    </p>
   </div>
   <div class='ocr_carea' id='block_1_4' title="bbox 846 1604 920 1674">
    <p class='ocr_par' dir='ltr' id='par_1_4' title="bbox 846 1604 920 1674">
     <span class='ocr_line' id='line_1_9' title="bbox 846 1604 920 1674; baseline -0.054 0"><span class='ocrx_word' id='word_1_60' title='bbox 846 1604 920 1674; x_wconf 78' lang='lat'><strong>225.</strong></span> 
     </span>
    </p>
   </div>
   <div class='ocr_carea' id='block_1_5' title="bbox 520 1791 1248 2112">
    <p class='ocr_par' dir='ltr' id='par_1_5' title="bbox 520 1791 1248 2112">
     <span class='ocr_line' id='line_1_10' title="bbox 520 1791 1248 1860; baseline -0.003 0"><span class='ocrx_word' id='word_1_61' title='bbox 520 1791 768 1860; x_wconf 82' lang='lat' dir='ltr'><strong>Cbmmunitas</strong></span> <span class='ocrx_word' id='word_1_62' title='bbox 792 1799 956 1859; x_wconf 80' lang='lat' dir='ltr'><strong>Senensis</strong></span> <span class='ocrx_word' id='word_1_63' title='bbox 980 1798 1151 1858; x_wconf 82' lang='lat' dir='ltr'><strong>Clementi</strong></span> <span class='ocrx_word' id='word_1_64' title='bbox 1174 1797 1248 1858; x_wconf 90' lang='lat' dir='ltr'><strong>v11.</strong></span> 
     </span>
     <span class='ocr_line' id='line_1_11' title="bbox 704 1905 1063 1997; baseline -0.006 -21"><span class='ocrx_word' id='word_1_65' title='bbox 704 1910 791 1997; x_wconf 86' lang='lat' dir='ltr'><strong>(Litt.</strong></span> <span class='ocrx_word' id='word_1_66' title='bbox 807 1911 900 1994; x_wconf 90' lang='lat' dir='ltr'><strong>princ.</strong></span> <span class='ocrx_word' id='word_1_67' title='bbox 917 1909 957 1974; x_wconf 93' lang='grc' dir='ltr'><strong>ΙΙ.</strong></span> <span class='ocrx_word' id='word_1_68' title='bbox 973 1905 1063 1994; x_wconf 82' lang='grc'>273).</span> 
     </span>
     <span class='ocr_line' id='line_1_12' title="bbox 736 2023 1027 2112; baseline -0.01 -19"><span class='ocrx_word' id='word_1_69' title='bbox 736 2025 801 2112; x_wconf 82' lang='grc'>(20.</span> <span class='ocrx_word' id='word_1_70' title='bbox 819 2023 900 2110; x_wconf 85' lang='lat' dir='ltr'><strong>Sept.</strong></span> <span class='ocrx_word' id='word_1_71' title='bbox 919 2023 1027 2108; x_wconf 81' lang='lat'><strong>1524).</strong></span> 
     </span>
    </p>
   </div>
   <div class='ocr_carea' id='block_1_6' title="bbox 251 2210 1508 3922">
    <p class='ocr_par' dir='ltr' id='par_1_6' title="bbox 251 2210 1508 3922">
     <span class='ocr_line' id='line_1_13' title="bbox 343 2210 1506 2296; baseline -0.005 -15"><span class='ocrx_word' id='word_1_72' title='bbox 343 2212 419 2281; x_wconf 80' lang='lat' dir='ltr'><strong>Cum</strong></span> <span class='ocrx_word' id='word_1_73' title='bbox 435 2214 581 2281; x_wconf 80' lang='lat' dir='ltr'><strong>hactonus</strong></span> <span class='ocrx_word' id='word_1_74' title='bbox 598 2233 621 2280; x_wconf 91' lang='lat' dir='ltr'><strong>s.</strong></span> <span class='ocrx_word' id='word_1_75' title='bbox 636 2214 665 2280; x_wconf 89' lang='lat' dir='ltr'><strong>b.</strong></span> <span class='ocrx_word' id='word_1_76' title='bbox 681 2214 702 2280; x_wconf 83' lang='lat' dir='ltr'><strong>t</strong></span> <span class='ocrx_word' id='word_1_77' title='bbox 721 2232 881 2280; x_wconf 90' lang='lat' dir='ltr'><strong>comunem</strong></span> <span class='ocrx_word' id='word_1_78' title='bbox 895 2211 1079 2278; x_wconf 82' lang='lat' dir='ltr'><strong>christianae</strong></span> <span class='ocrx_word' id='word_1_79' title='bbox 1094 2211 1190 2279; x_wconf 88' lang='lat' dir='ltr'><strong>totius</strong></span> <span class='ocrx_word' id='word_1_80' title='bbox 1204 2210 1387 2296; x_wconf 86' lang='lat' dir='ltr'><strong>reipublicae</strong></span> <span class='ocrx_word' id='word_1_81' title='bbox 1402 2211 1506 2276; x_wconf 89' lang='lat' dir='ltr'><strong>custo·</strong></span> 
     </span>
     <span class='ocr_line' id='line_1_14' title="bbox 254 2325 1508 2416; baseline -0.004 -19"><span class='ocrx_word' id='word_1_82' title='bbox 254 2330 324 2397; x_wconf 91' lang='lat' dir='ltr'><strong>dem</strong></span> <span class='ocrx_word' id='word_1_83' title='bbox 347 2349 383 2397; x_wconf 87' lang='lat' dir='ltr'><strong>ac</strong></span> <span class='ocrx_word' id='word_1_84' title='bbox 405 2331 616 2416; x_wconf 73' lang='lat' dir='ltr'><strong>protectricem</strong></span> <span class='ocrx_word' id='word_1_85' title='bbox 630 2329 860 2416; x_wconf 75' lang='lat' dir='ltr'><strong>cognoverimus</strong></span> <span class='ocrx_word' id='word_1_86' title='bbox 882 2329 1029 2414; x_wconf 80' lang='lat' dir='ltr'><strong>tanquam</strong></span> <span class='ocrx_word' id='word_1_87' title='bbox 1045 2327 1198 2394; x_wconf 87' lang='lat' dir='ltr'><strong>verissimi</strong></span> <span class='ocrx_word' id='word_1_88' title='bbox 1221 2327 1302 2394; x_wconf 88' lang='lat' dir='ltr'><strong>sodis</strong></span> <span class='ocrx_word' id='word_1_89' title='bbox 1324 2325 1508 2411; x_wconf 82' lang='lat' dir='ltr'><strong>apostolicae</strong></span> 
     </span>
     <span class='ocr_line' id='line_1_15' title="bbox 253 2442 1506 2532; baseline -0.005 -20"><span class='ocrx_word' id='word_1_90' title='bbox 253 2445 313 2512; x_wconf 88' lang='lat' dir='ltr'><strong>filii</strong></span> <span class='ocrx_word' id='word_1_91' title='bbox 329 2447 395 2513; x_wconf 88' lang='lat' dir='ltr'><strong>eius</strong></span> <span class='ocrx_word' id='word_1_92' title='bbox 410 2464 508 2531; x_wconf 83' lang='lat' dir='ltr'><strong>opem,</strong></span> <span class='ocrx_word' id='word_1_93' title='bbox 531 2447 800 2532; x_wconf 88' lang='lat' dir='ltr'><strong>quotienscumque</strong></span> <span class='ocrx_word' id='word_1_94' title='bbox 822 2463 858 2512; x_wconf 90' lang='lat' dir='ltr'><strong>ea</strong></span> <span class='ocrx_word' id='word_1_95' title='bbox 872 2445 1055 2530; x_wconf 79' lang='lat' dir='ltr'><strong>indigemus,</strong></span> <span class='ocrx_word' id='word_1_96' title='bbox 1078 2443 1335 2510; x_wconf 85' lang='lat' dir='ltr'><strong>confidentissime</strong></span> <span class='ocrx_word' id='word_1_97' title='bbox 1358 2442 1506 2525; x_wconf 86' lang='lat' dir='ltr'><strong>implora·</strong></span> 
     </span>
     <span class='ocr_line' id='line_1_16' title="bbox 254 2556 1506 2649; baseline -0.008 -18"><span class='ocrx_word' id='word_1_98' title='bbox 254 2583 339 2642; x_wconf 87' lang='lat' dir='ltr'><strong>mns;</strong></span> <span class='ocrx_word' id='word_1_99' title='bbox 362 2565 592 2649; x_wconf 91' lang='lat' dir='ltr'><strong>quamombrem</strong></span> <span class='ocrx_word' id='word_1_100' title='bbox 615 2581 684 2630; x_wconf 90' lang='lat' dir='ltr'><strong>cum</strong></span> <span class='ocrx_word' id='word_1_101' title='bbox 701 2563 759 2628; x_wconf 86' lang='lat' dir='ltr'><strong>hac</strong></span> <span class='ocrx_word' id='word_1_102' title='bbox 780 2564 869 2629; x_wconf 85' lang='lat' dir='ltr'><strong>nocte</strong></span> <span class='ocrx_word' id='word_1_103' title='bbox 883 2563 987 2646; x_wconf 88' lang='lat' dir='ltr'><strong>elapsa</strong></span> <span class='ocrx_word' id='word_1_104' title='bbox 1009 2581 1063 2646; x_wconf 90' lang='lat' dir='ltr'><strong>per</strong></span> <span class='ocrx_word' id='word_1_105' title='bbox 1085 2560 1166 2627; x_wconf 91' lang='lat' dir='ltr'><strong>cives</strong></span> <span class='ocrx_word' id='word_1_106' title='bbox 1188 2561 1308 2626; x_wconf 89' lang='lat' dir='ltr'><strong>nostros</strong></span> <span class='ocrx_word' id='word_1_107' title='bbox 1323 2556 1506 2643; x_wconf 85' lang='lat' dir='ltr'><strong>reipublicae</strong></span> 
     </span>
     <span class='ocr_line' id='line_1_17' title="bbox 253 2675 1505 2782; baseline -0.007 -36"><span class='ocrx_word' id='word_1_108' title='bbox 253 2680 380 2782; x_wconf 77' lang='lat' dir='ltr'><strong>libertas</strong></span> <span class='ocrx_word' id='word_1_109' title='bbox 395 2681 570 2765; x_wconf 83' lang='lat' dir='ltr'><strong>recuperata</strong></span> <span class='ocrx_word' id='word_1_110' title='bbox 593 2679 634 2746; x_wconf 85' lang='lat' dir='ltr'><strong>sit</strong></span> <span class='ocrx_word' id='word_1_111' title='bbox 656 2698 692 2745; x_wconf 90' lang='lat' dir='ltr'><strong>ao</strong></span> <span class='ocrx_word' id='word_1_112' title='bbox 706 2679 866 2764; x_wconf 82' lang='lat' dir='ltr'><strong>tyrannica</strong></span> <span class='ocrx_word' id='word_1_113' title='bbox 889 2677 990 2745; x_wconf 90' lang='lat' dir='ltr'><strong>omnis</strong></span> <span class='ocrx_word' id='word_1_114' title='bbox 1005 2678 1053 2744; x_wconf 90' lang='lat' dir='ltr'><strong>vis</strong></span> <span class='ocrx_word' id='word_1_115' title='bbox 1076 2676 1207 2761; x_wconf 87' lang='lat' dir='ltr'><strong>epatris</strong></span> <span class='ocrx_word' id='word_1_116' title='bbox 1229 2675 1326 2760; x_wconf 92' lang='lat' dir='ltr'><strong>pulsa,</strong></span> <span class='ocrx_word' id='word_1_117' title='bbox 1350 2692 1420 2740; x_wconf 90' lang='lat' dir='ltr'><strong>cum</strong></span> <span class='ocrx_word' id='word_1_118' title='bbox 1435 2691 1505 2742; x_wconf 92' lang='lat' dir='ltr'><strong>vero</strong></span> 
     </span>
     <span class='ocr_line' id='line_1_18' title="bbox 253 2788 1504 2881; baseline -0.007 -18"><span class='ocrx_word' id='word_1_119' title='bbox 253 2797 311 2864; x_wconf 89' lang='lat' dir='ltr'><strong>boc</strong></span> <span class='ocrx_word' id='word_1_120' title='bbox 325 2796 427 2863; x_wconf 82' lang='lat' dir='ltr'><strong>divium</strong></span> <span class='ocrx_word' id='word_1_121' title='bbox 450 2798 527 2863; x_wconf 87' lang='lat' dir='ltr'><strong>nutu</strong></span> <span class='ocrx_word' id='word_1_122' title='bbox 541 2796 656 2881; x_wconf 88' lang='lat' dir='ltr'><strong>absque</strong></span> <span class='ocrx_word' id='word_1_123' title='bbox 669 2797 734 2862; x_wconf 90' lang='lat' dir='ltr'><strong>ulla</strong></span> <span class='ocrx_word' id='word_1_124' title='bbox 749 2797 874 2862; x_wconf 88' lang='lat' dir='ltr'><strong>cruenta</strong></span> <span class='ocrx_word' id='word_1_125' title='bbox 895 2794 1007 2861; x_wconf 89' lang='lat' dir='ltr'><strong>civium</strong></span> <span class='ocrx_word' id='word_1_126' title='bbox 1023 2795 1197 2860; x_wconf 88' lang='lat' dir='ltr'><strong>nostrorum</strong></span> <span class='ocrx_word' id='word_1_127' title='bbox 1211 2789 1301 2857; x_wconf 86' lang='lat' dir='ltr'><strong>caede</strong></span> <span class='ocrx_word' id='word_1_128' title='bbox 1319 2788 1504 2866; x_wconf 68' lang='lat' dir='ltr'><strong>successerit,</strong></span> 
     </span>
     <span class='ocr_line' id='line_1_19' title="bbox 253 2904 1505 2997; baseline -0.006 -19"><span class='ocrx_word' id='word_1_129' title='bbox 253 2913 427 2980; x_wconf 80' lang='lat' dir='ltr'><strong>libertatem</strong></span> <span class='ocrx_word' id='word_1_130' title='bbox 449 2912 550 2997; x_wconf 88' lang='lat' dir='ltr'><strong>ipsam</strong></span> <span class='ocrx_word' id='word_1_131' title='bbox 573 2911 727 2978; x_wconf 88' lang='lat' dir='ltr'><strong>communi</strong></span> <span class='ocrx_word' id='word_1_132' title='bbox 750 2910 863 2978; x_wconf 90' lang='lat' dir='ltr'><strong>civium</strong></span> <span class='ocrx_word' id='word_1_133' title='bbox 887 2909 1023 2977; x_wconf 91' lang='lat' dir='ltr'><strong>omnium</strong></span> <span class='ocrx_word' id='word_1_134' title='bbox 1039 2927 1187 2975; x_wconf 89' lang='lat' dir='ltr'><strong>consensu</strong></span> <span class='ocrx_word' id='word_1_135' title='bbox 1210 2926 1264 2992; x_wconf 91' lang='lat' dir='ltr'><strong>pro</strong></span> <span class='ocrx_word' id='word_1_136' title='bbox 1287 2907 1403 2972; x_wconf 89' lang='lat' dir='ltr'><strong>viribus</strong></span> <span class='ocrx_word' id='word_1_137' title='bbox 1425 2904 1505 2971; x_wconf 88' lang='lat' dir='ltr'><strong>tueri</strong></span> 
     </span>
     <span class='ocr_line' id='line_1_20' title="bbox 253 3021 1504 3113; baseline -0.006 -19"><span class='ocrx_word' id='word_1_138' title='bbox 253 3028 473 3113; x_wconf 87' lang='lat' dir='ltr'><strong>proposuimus.</strong></span> <span class='ocrx_word' id='word_1_139' title='bbox 527 3025 729 3094; x_wconf 85' lang='lat' dir='ltr'><strong>Sanctitatem</strong></span> <span class='ocrx_word' id='word_1_140' title='bbox 758 3027 853 3112; x_wconf 82' lang='lat' dir='ltr'><strong>igitur</strong></span> <span class='ocrx_word' id='word_1_141' title='bbox 882 3027 968 3091; x_wconf 82' lang='lat' dir='ltr'><strong>tuam</strong></span> <span class='ocrx_word' id='word_1_142' title='bbox 997 3024 1026 3090; x_wconf 89' lang='lat' dir='ltr'><strong>b.</strong></span> <span class='ocrx_word' id='word_1_143' title='bbox 1056 3025 1202 3108; x_wconf 87' lang='lat' dir='ltr'><strong>tanquam</strong></span> <span class='ocrx_word' id='word_1_144' title='bbox 1231 3021 1504 3090; x_wconf 89' lang='lat' dir='ltr'><strong>clementissimam</strong></span> 
     </span>
     <span class='ocr_line' id='line_1_21' title="bbox 254 3137 1502 3225; baseline -0.006 -15"><span class='ocrx_word' id='word_1_145' title='bbox 254 3143 497 3212; x_wconf 81' lang='lat' dir='ltr'><strong>Christianorum</strong></span> <span class='ocrx_word' id='word_1_146' title='bbox 519 3143 656 3210; x_wconf 91' lang='lat' dir='ltr'><strong>omnium</strong></span> <span class='ocrx_word' id='word_1_147' title='bbox 679 3143 823 3210; x_wconf 83' lang='lat' dir='ltr'><strong>tutricem</strong></span> <span class='ocrx_word' id='word_1_148' title='bbox 838 3142 1032 3209; x_wconf 86' lang='lat' dir='ltr'><strong>obsecramus</strong></span> <span class='ocrx_word' id='word_1_149' title='bbox 1047 3141 1083 3206; x_wconf 87' lang='lat' dir='ltr'><strong>nt</strong></span> <span class='ocrx_word' id='word_1_150' title='bbox 1104 3140 1242 3205; x_wconf 89' lang='lat' dir='ltr'><strong>nostram</strong></span> <span class='ocrx_word' id='word_1_151' title='bbox 1258 3137 1360 3225; x_wconf 88' lang='lat' dir='ltr'><strong>(Sedis</strong></span> <span class='ocrx_word' id='word_1_152' title='bbox 1378 3137 1502 3221; x_wconf 89' lang='lat' dir='ltr'><strong>aposto·</strong></span> 
     </span>
     <span class='ocr_line' id='line_1_22' title="bbox 251 3251 1503 3345; baseline -0.007 -19"><span class='ocrx_word' id='word_1_153' title='bbox 251 3259 329 3326; x_wconf 88' lang='lat' dir='ltr'><strong>licae</strong></span> <span class='ocrx_word' id='word_1_154' title='bbox 352 3259 469 3326; x_wconf 83' lang='lat' dir='ltr'><strong>scilieet</strong></span> <span class='ocrx_word' id='word_1_155' title='bbox 490 3255 637 3345; x_wconf 86' lang='lat' dir='ltr'><strong>filiorum)</strong></span> <span class='ocrx_word' id='word_1_156' title='bbox 660 3257 835 3324; x_wconf 85' lang='lat' dir='ltr'><strong>libertatem</strong></span> <span class='ocrx_word' id='word_1_157' title='bbox 858 3275 1034 3324; x_wconf 88' lang='lat' dir='ltr'><strong>conservare</strong></span> <span class='ocrx_word' id='word_1_158' title='bbox 1050 3257 1141 3340; x_wconf 81' lang='lat' dir='ltr'><strong>atque</strong></span> <span class='ocrx_word' id='word_1_159' title='bbox 1163 3272 1275 3340; x_wconf 80' lang='lat' dir='ltr'><strong>augere</strong></span> <span class='ocrx_word' id='word_1_160' title='bbox 1296 3272 1357 3320; x_wconf 91' lang='lat' dir='ltr'><strong>non</strong></span> <span class='ocrx_word' id='word_1_161' title='bbox 1375 3251 1503 3318; x_wconf 83' lang='lat' dir='ltr'><strong>desinat</strong></span> 
     </span>
     <span class='ocr_line' id='line_1_23' title="bbox 254 3368 1504 3460; baseline -0.007 -19"><span class='ocrx_word' id='word_1_162' title='bbox 254 3373 319 3441; x_wconf 88' lang='lat' dir='ltr'><strong>Nos</strong></span> <span class='ocrx_word' id='word_1_163' title='bbox 342 3394 412 3442; x_wconf 91' lang='lat' dir='ltr'><strong>vero</strong></span> <span class='ocrx_word' id='word_1_164' title='bbox 441 3375 551 3442; x_wconf 78' lang='lat' dir='ltr'><strong>merliu</strong></span> <span class='ocrx_word' id='word_1_165' title='bbox 572 3373 606 3439; x_wconf 92' lang='lat' dir='ltr'><strong>in</strong></span> <span class='ocrx_word' id='word_1_166' title='bbox 621 3373 739 3441; x_wconf 75' lang='lat' dir='ltr'><strong>&#39;Sedent</strong></span> <span class='ocrx_word' id='word_1_167' title='bbox 769 3373 970 3460; x_wconf 84' lang='lat' dir='ltr'><strong>apostolicam</strong></span> <span class='ocrx_word' id='word_1_168' title='bbox 992 3371 1135 3456; x_wconf 86' lang='lat' dir='ltr'><strong>obsequio</strong></span> <span class='ocrx_word' id='word_1_169' title='bbox 1164 3389 1319 3455; x_wconf 87' lang='lat' dir='ltr'><strong>nunquam</strong></span> <span class='ocrx_word' id='word_1_170' title='bbox 1349 3368 1504 3435; x_wconf 86' lang='lat' dir='ltr'><strong>defuturos</strong></span> 
     </span>
     <span class='ocr_line' id='line_1_24' title="bbox 253 3485 1503 3575; baseline -0.007 -18"><span class='ocrx_word' id='word_1_171' title='bbox 253 3491 439 3575; x_wconf 88' lang='lat' dir='ltr'><strong>pollicemur,</strong></span> <span class='ocrx_word' id='word_1_172' title='bbox 462 3509 523 3575; x_wconf 89' lang='lat' dir='ltr'><strong>qua</strong></span> <span class='ocrx_word' id='word_1_173' title='bbox 537 3489 570 3555; x_wconf 92' lang='lat' dir='ltr'><strong>in</strong></span> <span class='ocrx_word' id='word_1_174' title='bbox 592 3509 624 3556; x_wconf 92' lang='lat' dir='ltr'><strong>re</strong></span> <span class='ocrx_word' id='word_1_175' title='bbox 640 3489 833 3556; x_wconf 86' lang='lat' dir='ltr'><strong>misissemus</strong></span> <span class='ocrx_word' id='word_1_176' title='bbox 856 3489 1005 3555; x_wconf 71' lang='lat' dir='ltr'><strong>bwtenus</strong></span> <span class='ocrx_word' id='word_1_177' title='bbox 1020 3487 1060 3553; x_wconf 86' lang='lat' dir='ltr'><strong>ad</strong></span> <span class='ocrx_word' id='word_1_178' title='bbox 1074 3488 1102 3553; x_wconf 92' lang='lat' dir='ltr'><strong>b.</strong></span> <span class='ocrx_word' id='word_1_179' title='bbox 1119 3488 1205 3553; x_wconf 85' lang='lat' dir='ltr'><strong>tuam</strong></span> <span class='ocrx_word' id='word_1_180' title='bbox 1222 3486 1355 3553; x_wconf 86' lang='lat' dir='ltr'><strong>oratores</strong></span> <span class='ocrx_word' id='word_1_181' title='bbox 1370 3485 1503 3558; x_wconf 86' lang='lat' dir='ltr'><strong>nostros;</strong></span> 
     </span>
     <span class='ocr_line' id='line_1_25' title="bbox 253 3598 1503 3678; baseline -0.008 -5"><span class='ocrx_word' id='word_1_182' title='bbox 253 3606 307 3673; x_wconf 86' lang='lat' dir='ltr'><strong>sed</strong></span> <span class='ocrx_word' id='word_1_183' title='bbox 328 3625 397 3672; x_wconf 93' lang='lat' dir='ltr'><strong>cum</strong></span> <span class='ocrx_word' id='word_1_184' title='bbox 427 3625 475 3672; x_wconf 88' lang='lat' dir='ltr'><strong>res</strong></span> <span class='ocrx_word' id='word_1_185' title='bbox 498 3607 563 3672; x_wconf 87' lang='lat' dir='ltr'><strong>tam</strong></span> <span class='ocrx_word' id='word_1_186' title='bbox 593 3605 708 3672; x_wconf 86' lang='lat' dir='ltr'><strong>recenti</strong></span> <span class='ocrx_word' id='word_1_187' title='bbox 734 3607 820 3672; x_wconf 91' lang='lat' dir='ltr'><strong>motu</strong></span> <span class='ocrx_word' id='word_1_188' title='bbox 849 3622 910 3670; x_wconf 91' lang='lat' dir='ltr'><strong>non</strong></span> <span class='ocrx_word' id='word_1_189' title='bbox 933 3603 1032 3670; x_wconf 90' lang='lat' dir='ltr'><strong>adbuc</strong></span> <span class='ocrx_word' id='word_1_190' title='bbox 1053 3601 1177 3670; x_wconf 90' lang='lat' dir='ltr'><strong>omniuo</strong></span> <span class='ocrx_word' id='word_1_191' title='bbox 1207 3601 1329 3668; x_wconf 69' lang='lat' dir='ltr'><strong>sedabo</strong></span> <span class='ocrx_word' id='word_1_192' title='bbox 1352 3599 1424 3678; x_wconf 79' lang='lat' dir='ltr'><strong>sint,</strong></span> <span class='ocrx_word' id='word_1_193' title='bbox 1446 3598 1503 3664; x_wconf 88' lang='lat' dir='ltr'><strong>hoc</strong></span> 
     </span>
     <span class='ocr_line' id='line_1_26' title="bbox 253 3715 1503 3806; baseline -0.006 -18"><span class='ocrx_word' id='word_1_194' title='bbox 253 3721 458 3806; x_wconf 88' lang='lat' dir='ltr'><strong>cumprimum</strong></span> <span class='ocrx_word' id='word_1_195' title='bbox 480 3720 583 3806; x_wconf 87' lang='lat' dir='ltr'><strong>quieta</strong></span> <span class='ocrx_word' id='word_1_196' title='bbox 604 3723 694 3788; x_wconf 82' lang='lat' dir='ltr'><strong>amnt</strong></span> <span class='ocrx_word' id='word_1_197' title='bbox 708 3721 811 3788; x_wconf 91' lang='lat' dir='ltr'><strong>omnia</strong></span> <span class='ocrx_word' id='word_1_198' title='bbox 833 3719 951 3788; x_wconf 86' lang='lat' dir='ltr'><strong>efficere</strong></span> <span class='ocrx_word' id='word_1_199' title='bbox 967 3718 1163 3786; x_wconf 87' lang='lat' dir='ltr'><strong>decrevimus.</strong></span> <span class='ocrx_word' id='word_1_200' title='bbox 1195 3718 1239 3784; x_wconf 83' lang='lat' dir='ltr'><strong>lix</strong></span> <span class='ocrx_word' id='word_1_201' title='bbox 1261 3716 1377 3802; x_wconf 87' lang='lat' dir='ltr'><strong>palatio</strong></span> <span class='ocrx_word' id='word_1_202' title='bbox 1399 3715 1503 3782; x_wconf 87' lang='lat' dir='ltr'><strong>nostro</strong></span> 
     </span>
     <span class='ocr_line' id='line_1_27' title="bbox 253 3835 734 3922; baseline -0.004 -18"><span class='ocrx_word' id='word_1_203' title='bbox 253 3835 303 3904; x_wconf 92' lang='lat' dir='ltr'><strong>die</strong></span> <span class='ocrx_word' id='word_1_204' title='bbox 324 3857 370 3904; x_wconf 87' lang='lat' dir='ltr'><strong>xx.</strong></span> <span class='ocrx_word' id='word_1_205' title='bbox 394 3835 582 3922; x_wconf 82' lang='lat' dir='ltr'><strong>Septembris</strong></span> <span class='ocrx_word' id='word_1_206' title='bbox 604 3835 734 3904; x_wconf 80' lang='lat' dir='ltr'><strong>mdniv.</strong></span> 
     </span>
    </p>
   </div>
   <div class='ocr_carea' id='block_1_7' title="bbox 700 4064 1503 4498">
    <p class='ocr_par' dir='ltr' id='par_1_7' title="bbox 700 4064 1503 4498">
     <span class='ocr_line' id='line_1_28' title="bbox 881 4064 1344 4134; baseline -0.011 0"><span class='ocrx_word' id='word_1_207' title='bbox 881 4065 1081 4134; x_wconf 86' lang='lat' dir='ltr'><strong>Devotissimi</strong></span> <span class='ocrx_word' id='word_1_208' title='bbox 1102 4064 1161 4132; x_wconf 83' lang='lat' dir='ltr'><strong>filii</strong></span> <span class='ocrx_word' id='word_1_209' title='bbox 1184 4064 1344 4131; x_wconf 88' lang='lat' dir='ltr'><strong>servitores</strong></span> 
     </span>
     <span class='ocr_line' id='line_1_29' title="bbox 700 4178 1503 4269; baseline -0.007 -19"><span class='ocrx_word' id='word_1_210' title='bbox 700 4183 823 4269; x_wconf 90' lang='lat' dir='ltr'><strong>priores,</strong></span> <span class='ocrx_word' id='word_1_211' title='bbox 845 4183 1062 4269; x_wconf 77' lang='lat' dir='ltr'><strong>gubernatores</strong></span> <span class='ocrx_word' id='word_1_212' title='bbox 1085 4180 1256 4249; x_wconf 90' lang='lat' dir='ltr'><strong>communis</strong></span> <span class='ocrx_word' id='word_1_213' title='bbox 1278 4181 1309 4246; x_wconf 90' lang='lat' dir='ltr'><strong>et</strong></span> <span class='ocrx_word' id='word_1_214' title='bbox 1328 4178 1503 4263; x_wconf 82' lang='lat' dir='ltr'><strong>capitaneus</strong></span> 
     </span>
     <span class='ocr_line' id='line_1_30' title="bbox 892 4295 1328 4384; baseline -0.005 -20"><span class='ocrx_word' id='word_1_215' title='bbox 892 4297 997 4384; x_wconf 91' lang='lat' dir='ltr'><strong>populi</strong></span> <span class='ocrx_word' id='word_1_216' title='bbox 1018 4296 1154 4363; x_wconf 66' lang='lat' dir='ltr'><strong>civimtis</strong></span> <span class='ocrx_word' id='word_1_217' title='bbox 1176 4295 1328 4362; x_wconf 85' lang='lat' dir='ltr'><strong>Senensis.</strong></span> 
     </span>
     <span class='ocr_line' id='line_1_31' title="bbox 943 4410 1299 4498; baseline -0.006 -18"><span class='ocrx_word' id='word_1_218' title='bbox 943 4411 1060 4480; x_wconf 85' lang='lat' dir='ltr'><strong>Murius</strong></span> <span class='ocrx_word' id='word_1_219' title='bbox 1082 4411 1119 4479; x_wconf 94' lang='lat' dir='ltr'><strong>de</strong></span> <span class='ocrx_word' id='word_1_220' title='bbox 1141 4410 1299 4498; x_wconf 77' lang='lat' dir='ltr'><strong>Bapdinie.</strong></span> 
     </span>
    </p>
   </div>
   <div class='ocr_carea' id='block_1_8' title="bbox 0 0 1694 5088">
    <p class='ocr_par' dir='ltr' id='par_1_8' title="bbox 0 0 1694 5088">
     <span class='ocr_line' id='line_1_32' title="bbox 0 0 1694 5088; baseline 0 1"><span class='ocrx_word' id='word_1_221' title='bbox 0 0 1694 5088; x_wconf 95' lang='lat' dir='ltr'><strong> </strong></span> 
     </span>
    </p>
   </div>
  </div>
 </body>
</html>
