3396 5090
778 289 1020 356 -234-

271 498 371 546 rerum
387 479 509 548 tuarum
532 501 625 566 qnam
639 482 874 551 christianitatis
898 486 993 553 tatius
1016 489 1117 574 magis
1133 491 1375 556 consentaneum.
1406 489 1520 556 Datum

272 596 385 663 Minae
408 598 462 662 cte.
487 598 567 682 apud
589 600 644 664 etc.
690 599 747 666 Die
770 621 835 666 xxv.
859 601 947 668 Junii
969 603 1099 670 mdrrri.
1145 607 1233 672 duno
1256 605 1354 672 tertio.

489 713 584 782 Foris.
630 715 752 782 Caesari
775 755 818 764 -
841 737 950 785 causae
974 722 1132 804 captonrm
1155 740 1316 787 armorum.

843 871 948 880 nn·—

360 944 512 1030 Stepbauo
535 949 566 1012 et
594 947 641 1014 Jo.
664 949 824 1034 Baptistae
853 951 890 1020 de
918 951 1087 1020 comitibus
1117 953 1286 1020 domicellis
1308 954 1456 1021 Romanis
1486 956 1520 1020 ut

269 1061 394 1128 credant
407 1063 440 1128 et
454 1063 597 1130 obediant
611 1065 759 1132 Francius
777 1065 921 1136 Micbaali
944 1069 1153 1136 commissario
1169 1071 1201 1134 et
1216 1069 1400 1154 Hieronymo
1415 1069 1519 1136 Gotti-

271 1177 353 1244 fredo
375 1179 571 1262 gubernatori
592 1181 764 1265 provinciae
780 1182 970 1268 Campaniae.
1017 1184 1293 1251 Romanulam
1317 1185 1445 1251 mdmvi

360 1293 482 1362 mouri
504 1296 635 1363 Filetino
658 1297 801 1366 Caietano
828 1303 864 1366 ut
885 1301 989 1368 credat
1010 1303 1042 1368 et
1064 1301 1186 1368 obediat
1207 1301 1355 1368 Francino
1378 1299 1521 1367 Michaeli

270 1409 479 1478 commissario
501 1413 537 1478 ut
559 1431 658 1498 supra.
702 1415 819 1482 Datum
842 1417 877 1482 ut
899 1435 997 1503 supra.

864 1722 934 1788 179.

358 1880 486 1946 Dilectis
503 1881 575 1945 liliis
591 1880 767 1947 bominibus
790 1882 821 1946 ct
835 1881 1049 1947 communitati
1072 1873 1169 1947 torrae
1191 1883 1312 1948 nostrae
1329 1882 1520 1948 velitrensis,

270 2034 313 2046 -
336 1997 448 2062 Dilecti
471 1997 529 2062 filii
553 1997 683 2062 salutem
707 1998 761 2063 etc.
809 1995 1042 2063 Commissimus
1066 1996 1177 2063 dilecto
1199 1997 1263 2062 filio
1279 1995 1408 2063 Camillo
1432 1997 1518 2063 Caie-

269 2115 340 2179 tano
364 2112 523 2179 domicello
546 2114 657 2193 nostro,
688 2114 724 2178 ut
745 2132 799 2197 pro
823 2113 921 2182 salute
944 2116 975 2180 et
997 2132 1068 2179 cure
1091 2115 1192 2180 vostra
1218 2133 1378 2198 rerumque
1402 2116 1519 2180 vestru-

270 2247 338 2294 rum
360 2228 440 2293 istuc
463 2247 495 2294 se
510 2227 666 2307 conterret
690 2229 775 2294 cuius
792 2229 956 2295 aduentum
980 2231 1101 2314 propter
1119 2229 1184 2294 eius
1207 2229 1352 2295 virtutem
1375 2232 1407 2295 et
1429 2229 1521 2295 fidem

269 2343 355 2409 uobis
379 2343 486 2409 utilem
502 2345 533 2408 at
548 2343 740 2410 commodum
764 2345 901 2410 futurum
916 2363 976 2412 non
992 2343 1177 2412 dubitamus.
1223 2341 1323 2424 Quare
1338 2345 1520 2410 mandamus

270 2458 355 2524 robis
379 2459 410 2524 et
429 2459 590 2545 unicuique
613 2461 759 2538 verinum
782 2461 818 2526 ut
831 2461 865 2526 in
879 2460 933 2527 illo
948 2460 1111 2528 honorifice
1133 2460 1315 2546 excipiendo,
1338 2479 1374 2525 ac
1396 2460 1424 2526 ei
1439 2460 1519 2525 assi·
1589 2441 1594 2465 '

268 2574 382 2652 stando,
406 2575 603 2660 parendoque,
627 2575 776 2660 fidamque
792 2576 824 2641 in
839 2576 981 2643 omnibus
1004 2576 1141 2644 babendo
1157 2578 1291 2656 vestram
1308 2576 1519 2642 strenuitatem

269 2693 300 2758 at
314 2691 494 2759 fidelitatem
510 2711 602 2777 quam
618 2693 810 2776 expectamus
826 2694 965 2776 prompta
980 2692 1157 2759 exhibeatis.
1203 2694 1318 2758 Datum
1333 2694 1449 2759 Romae
1464 2693 1519 2758 etc.

269 2806 318 2872 dis
341 2806 378 2872 ir.
401 2805 480 2873 Julii
502 2807 632 2873 mdrxri.
678 2808 767 2875 Auno
790 2807 888 2874 tertio.

358 3039 437 3124 ltagi
459 3039 724 3105 christianissimo.
749 3078 791 3085 -—
814 3040 981 3124 Responsio
1005 3039 1044 3104 ad
1066 3039 1131 3106 aius
1154 3041 1274 3106 litteras
1297 3059 1350 3124 pro
1374 3040 1517 3107 Maximi-

269 3155 349 3220 liauo
374 3153 486 3220 Sfortia
508 3155 541 3220 in
564 3155 749 3222 cardinalem
772 3155 899 3222 creando
923 3155 960 3221 ri.
984 3155 1062 3221 Julii
1084 3155 1214 3224 rndrxvi.

357 3386 472 3452 Eidem.
488 3424 532 3433 —
548 3387 715 3471 Responsio
738 3387 778 3452 ad
799 3388 864 3454 eius
878 3389 999 3454 litteras
1021 3407 1074 3472 pro
1090 3388 1203 3474 Magno
1220 3389 1405 3456 Oaucellario
1420 3390 1516 3454 Frau-

269 3502 332 3570 oiae
349 3501 585 3588 (archiepiscopo
601 3501 790 3590 Tenonense)
807 3503 841 3570 in
855 3504 1039 3573 cardinalem
1059 3503 1185 3571 creando
1201 3504 1305 3572 codem
1321 3504 1369 3572 die
1386 3508 1417 3572 et
1431 3523 1517 3571 anno.

862 3765 933 3831 180.

741 3929 828 3990 Duci
852 3931 1048 3990 Ferrarius.

358 4085 475 4150 Dilecta
498 4084 552 4151 lili.
574 4085 757 4152 Audivimus
780 4085 943 4170 diligenter
957 4087 989 4150 et
1003 4085 1113 4152 libenti
1127 4085 1229 4152 animo
1245 4084 1298 4151 dil.
1314 4087 1342 4150 u.
1360 4085 1517 4152 Mathenm

269 4198 422 4266 Oasallum
445 4201 547 4265 nob.tir
572 4199 642 4266 tuae
671 4200 879 4266 consiliarium
902 4219 937 4267 ea
965 4199 1054 4267 nobis
1084 4201 1263 4268 referentem
1293 4219 1370 4284 quae
1391 4221 1410 4266 a
1433 4201 1463 4268 te
1484 4200 1517 4266 iu

268 4314 423 4382 mandatis
437 4316 578 4394 babebat
593 4315 643 4382 oui
657 4335 727 4382 cum
740 4317 827 4401 large
835 4316 1159 4384 communicaverimus
1173 4319 1308 4384 menam
1322 4317 1518 4400 animumque

268 4432 407 4498 noenum
429 4432 520 4516 atque
541 4432 568 4498 is
593 4432 761 4518 scripturus
783 4432 822 4501 ad
843 4433 875 4499 to
898 4432 1016 4518 copioso
1041 4432 1096 4514 eit,
1120 4434 1151 4498 et
1173 4451 1209 4500 ar
1234 4431 1423 4500 sermonibus
1448 4452 1517 4500 cum
