3380 5088
795 327 1039 404 ..250-

288 541 324 588 oo
346 521 456 592 solutis
470 521 763 610 tranquillitatisque
784 526 923 611 publicae
945 527 1170 613 cogitationem,
1192 529 1299 614 inquo
1322 550 1377 602 nos
1393 533 1543 600 serenitas

289 659 344 705 suo
366 639 510 706 habituro
540 641 587 706 est
610 659 729 724 semper
757 643 1030 710 coniunctissimos.
1075 642 1162 725 Quod
1191 645 1282 711 illum
1312 647 1465 714 lacturnum
1487 668 1543 732 pro

289 759 344 820 ste
366 756 569 840 temperentia
591 757 687 822 ouimi
709 759 741 823 ot
762 758 875 824 virtute
902 758 1090 826 confidimus.
1136 761 1252 827 Datum
1274 763 1389 830 Romae
1413 765 1468 829 eto.
1492 763 1545 830 olio
1665 763 1666 772 ’

289 870 351 937 viii.
373 871 514 938 Junuorii
538 871 580 958 (l)
605 873 747 941 mdrrrii
791 877 881 943 Auno
904 877 1019 959 quarto.

861 1031 967 1040 -—-—

376 1104 500 1172 Juliouo
523 1105 604 1172 Ieuo
627 1109 658 1172 et
680 1107 813 1174 Maximo
837 1107 941 1187 Grato,
964 1109 1192 1176 commissoriis.
1215 1149 1259 1157 -
1282 1111 1380 1178 Detur
1409 1112 1543 1178 lucullos

287 1223 319 1288 et
346 1222 526 1308 mundatum
556 1223 751 1308 comparendi
779 1223 967 1292 trumentum
996 1227 1027 1292 et
1056 1227 1190 1292 coeteros
1220 1226 1323 1310 fruges
1355 1227 1393 1292 ed
1424 1227 1542 1294 victum

288 1338 436 1405 exercitus
459 1339 608 1422 pontificii
629 1340 816 1406 necessarias
838 1361 874 1407 er
896 1341 1015 1426 oppidis
1038 1360 1073 1407 ac
1094 1342 1170 1408 locis
1186 1342 1404 1410 Velitreusium
1421 1345 1453 1410 et
1467 1343 1540 1409 Pri-

288 1456 457 1532 remutum,
480 1455 609 1540 aliisque
630 1455 665 1522 in
687 1457 797 1541 quibus
818 1476 924 1524 eurem
942 1457 1028 1542 oepio
1050 1457 1139 1525 adsit
1163 1496 1207 1506 -
1230 1458 1345 1525 Datum
1360 1460 1477 1527 Bomee
1491 1459 1542 1526 die

286 1570 342 1638 iiii.
365 1569 472 1638 Mertii
494 1571 636 1638 mlxxvii.
680 1573 770 1640 Anno
792 1575 908 1659 quarto.

880 1773 953 1840 188.

796 1913 929 1984 Lanato
956 1905 1037 1988 (ιιίι).

374 2037 493 2104 Dilecto
516 2036 563 2104 fili
584 2039 694 2106 noster.
741 2038 785 2105 Ut
807 2040 860 2105 tue
883 2039 981 2105 uirtus
1010 2040 1042 2105 et
1064 2039 1185 2106 enimus
1214 2039 1248 2108 in
1272 2042 1410 2106 sanctem
1433 2059 1533 2106 romo-

286 2171 359 2220 num
378 2153 549 2232 emissum,
571 2154 657 2221 ouius
679 2155 879 2222 honorificum
902 2175 935 2222 es
957 2157 1138 2233 membrum,
1161 2155 1302 2241 egregius
1326 2157 1357 2220 et
1379 2159 1537 2239 praestans

284 2270 452 2355 perlectum
474 2289 550 2354 opus
571 2270 685 2337 efficiat
715 2288 828 2355 uosque
850 2271 910 2337 tibi
930 2272 963 2336 iu
986 2271 1051 2336 dies
1074 2271 1241 2338 maioribus
1263 2271 1373 2337 olfioiis
1396 2270 1536 2336 obstricti

286 2385 392 2462 simus,
421 2386 595 2469 petimuso
624 2386 890 2470 circumspectione
918 2389 973 2453 tue
995 2390 1121 2470 paterno
1144 2387 1244 2452 studio
1274 2388 1309 2452 ut
1330 2405 1407 2470 quoe
1431 2385 1483 2452 elil.
1508 2385 1535 2450 fi.

284 2501 441 2568 Jononnes
456 2501 494 2568 de
509 2502 540 2567 lu
555 2500 644 2569 Stolo
666 2502 780 2568 nostris
795 2503 896 2569 vorbis
918 2505 1019 2570 tecum
1038 2502 1144 2588 egerit
1166 2502 1199 2568 in
1215 2503 1260 2568 eis
1274 2503 1329 2568 oles
1343 2505 1375 2567 to
1391 2501 1537 2568 libentem

281 2619 316 2684 et
337 2618 521 2701 promptum,
543 2636 701 2702 quoquae
724 2620 827 2684 sancte
849 2621 881 2686 et
903 2618 1021 2684 utiliter
1039 2619 1160 2702 incepto
1183 2620 1256 2685 suut
1278 2637 1331 2701 per
1354 2621 1385 2684 te
1406 2617 1534 2702 potissi-

285 2752 371 2799 mum
393 2732 612 2817 transigentur.
658 2733 695 2799 Iu
717 2753 776 2818 qno
799 2734 886 2801 uobis
916 2735 969 2818 qui
991 2736 1061 2800 tuae
1084 2752 1230 2816 personne
1253 2752 1407 2800 summam
1430 2753 1534 2800 curum

282 2848 431 2914 hebemus
453 2868 518 2914 rom
532 2847 744 2932 gratissimum
766 2851 798 2916 et
811 2851 1038 2933 optatissimum
1061 2869 1094 2916 es
1109 2849 1251 2916 fecturus.
1290 2849 1406 2916 Datum
1421 2849 1536 2914 Romae

282 2965 338 3030 oto.
359 2962 410 3030 (lie
432 2984 478 3030 ιι.
502 2963 608 3030 Martii
631 2965 773 3031 mlxxvii.
819 2967 908 3032 Anno
930 2967 1046 3050 quarto.

868 3163 939 3231 189.

716 3303 909 3362 Laurentio
932 3303 978 3362 de
1001 3301 1099 3360 Cere.

372 3429 490 3498 Dilecto
512 3429 566 3496 lili.
614 3429 670 3495 Pro
693 3448 727 3495 eo
750 3448 853 3496 amore
875 3448 934 3514 quo
957 3431 987 3495 te
1015 3429 1246 3512 complectimur
1270 3427 1533 3512 singulatimque

283 3543 342 3610 tide
364 3563 456 3628 quom
478 3542 511 3610 iu
534 3545 588 3610 tun
610 3543 724 3612 virtute
745 3545 927 3629 reponimus,
958 3565 1028 3611 oum
1051 3545 1165 3627 optime
1188 3543 1362 3611 noverimus
1384 3545 1416 3610 te
1438 3543 1477 3609 ao
1499 3562 1534 3610 eo

282 3659 385 3726 omnin
407 3677 483 3743 quoe
505 3659 619 3726 bonum
641 3659 798 3744 publicum
820 3661 853 3726 et
873 3663 1011 3727 nostrum
1035 3679 1069 3726 eo
1086 3661 1209 3726 sanotae
1226 3658 1318 3724 buius
1342 3658 1423 3725 sedis
1446 3657 1532 3724 utili·

282 3775 378 3842 telem
399 3774 557 3841 continent
586 3778 761 3859 promptum
790 3778 991 3860 paratumque
1013 3775 1157 3852 loturum,
1187 3773 1399 3840 commisimus
1422 3773 1474 3840 til.
1498 3774 1532 3839 lr.

282 3891 386 3955 nostro
409 3889 582 3974 Augustino
604 3891 652 3956 tit
676 3889 726 3956 sn
744 3889 874 3957 Admuui
897 3888 927 3956 S.
942 3891 978 3957 B.
994 3892 1027 3957 ll.
1049 3890 1174 3958 diacono
1197 3887 1295 3954 eorus
1313 3888 1351 3954 de
1373 3888 1533 3955 Trivultiis

282 4005 387 4072 nostro
402 4006 433 4071 et
447 4005 630 4088 apostolicus
646 4004 733 4072 Sedis
748 4006 781 4072 iu
796 4008 900 4072 nostro
915 4006 947 4072 et
962 4003 991 4072 S.
1007 4006 1044 4072 R
1061 4007 1093 4072 ll.
1109 4005 1242 4071 exercitu
1257 4003 1294 4070 <le
1312 4004 1408 4070 lutere
1422 4003 1531 4088 legato,

283 4122 318 4186 ut
339 4121 441 4186 tecum
456 4122 561 4205 ageret
583 4119 731 4205 puseolum
754 4121 868 4187 nostris
884 4121 984 4188 verbis
1007 4139 1083 4205 queo
1106 4120 1379 4187 utevehementor
1393 4119 1532 4202 cupimus

282 4234 376 4312 cffioi3
399 4235 558 4302 hortamur
579 4236 770 4304 devotionem
791 4238 878 4304 tuem
900 4239 932 4304 et
946 4237 1033 4304 enixe
1054 4236 1188 4320 potimus
1202 4235 1285 4301 utin
1299 4235 1443 4302 omuibus
1457 4251 1533 4318 quse

284 4350 476 4437 significarit,
498 4370 653 4420 summam
674 4352 704 4420 ei
726 4353 758 4418 et
779 4351 872 4419 tidem
900 4353 1014 4420 hebens
1037 4355 1068 4418 et
1090 4352 1123 4418 iu
1145 4349 1316 4437 exequendo
1339 4348 1531 4434 diligentium

282 4469 426 4549 praestes,
448 4466 584 4532 tacturus
607 4467 694 4534 uobis
717 4488 781 4534 rem
803 4467 1024 4552 gratissimam.
1070 4467 1185 4538 Dolum
1208 4468 1366 4550 utsupra.
