3366 5084
261 1127 474 1222 uanum
500 1124 575 1220 AD
600 1122 907 1219 PRINCIPES
932 1121 1258 1218 CLEMENTIS
1285 1121 1381 1218 Vll.

771 1301 883 1363 1525.

795 1624 847 1690 33.
864 1691 868 1698 .

605 1788 764 1860 viceregi
787 1787 1038 1862 Neapolitano.
1110 1839 1112 1844 ,

282 1943 400 2009 Dilecta
415 1943 462 2008 fili
485 1943 539 2008 etc.
579 1939 659 2021 Quid
681 1942 828 2007 hactenus
852 1939 1019 2005 voluntatis
1042 1941 1164 2004 nostrae
1178 1939 1278 2018 tuerit,
1303 1941 1334 2004 et
1349 1958 1448 2023 quan-

193 2059 261 2122 tum
283 2057 546 2134 elaboraverimus,
575 2057 681 2122 uthis
704 2055 882 2140 perniciosis
905 2059 937 2120 et
958 2055 1163 2138 pertinacibus
1193 2054 1288 2120 armis
1311 2054 1446 2131 omissis,

194 2173 296 2257 aliqua
318 2174 402 2256 pacis
424 2174 456 2238 et
484 2172 658 2238 concordiae
681 2173 759 2238 ratio
781 2171 924 2248 iniretur,
954 2171 1113 2255 ruentique
1142 2171 1182 2235 ad
1204 2173 1373 2236 exbemum
1395 2169 1445 2234 in-

193 2288 319 2353 teritum
341 2288 561 2354 christianitati
584 2287 752 2354 coniunctis
776 2287 889 2353 animis
912 2287 1149 2365 succurreretur,
1172 2286 1226 2351 tua
1250 2285 1395 2351 nobilitas
1412 2284 1446 2349 in

193 2403 300 2487 primis
323 2405 424 2488 potest
439 2423 505 2469 esse
520 2403 618 2470 testis.
658 2403 745 2468 Vidit
768 2403 850 2470 enim
871 2401 940 2485 ipsa
963 2403 994 2466 ct
1009 2401 1151 2486 cognovit
1166 2401 1301 2467 actiones
1316 2401 1446 2478 nostras,

194 2520 313 2585 nullum
335 2521 374 2585 ad
397 2519 590 2587 commodum
611 2519 773 2603 privatum
798 2517 851 2584 sed
873 2517 912 2583 ad
935 2535 1095 2584 commune
1109 2518 1222 2583 bonum
1246 2516 1447 2600 pertinentem

194 2635 246 2719 qui
268 2635 362 2700 etiarn
384 2654 401 2699 a
424 2634 496 2700 boni
519 2636 550 2699 et
572 2635 660 2719 aequi
688 2635 785 2718 patris
814 2652 951 2717 persona,
982 2633 1061 2699 sicut
1084 2633 1222 2699 debitum
1251 2633 1390 2698 nostrum
1414 2633 1445 2697 et

195 2753 364 2833 temporum
394 2769 510 2834 quoque
539 2769 574 2814 ac
603 2750 694 2816 huius
724 2749 794 2816 sas
825 2747 911 2816 Sedis
943 2749 1134 2815 fortunarum
1163 2749 1241 2814 ratio
1264 2747 1448 2832 postulabat,

200 2864 390 2930 instituimus
413 2884 475 2930 non
497 2865 664 2940 discedere;
688 2884 757 2930 cum
781 2865 808 2928 si
834 2865 894 2930 alio
918 2865 1020 2930 animo
1043 2864 1208 2930 fuissemus
1230 2862 1449 2946 promissiones

201 2981 269 3044 tuas
297 2980 537 3065 honorificasque
566 2980 762 3058 conditiones,
786 2979 822 3044 de
852 2979 962 3064 quibus
992 2978 1120 3044 dilectus
1150 2979 1232 3044 lilius
1262 2978 1374 3044 nobilis
1404 2979 1451 3043 vir

197 3095 330 3160 Aloisius
367 3095 426 3160 dur
463 3093 632 3161 suessanus
668 3095 730 3160 tuis
761 3095 860 3161 verbis
891 3095 979 3160 nobis
1008 3095 1172 3178 proposuit
1209 3094 1356 3160 fuerimus
1390 3093 1447 3159 ad·

197 3209 336 3286 missuri;
360 3211 413 3276 sed
429 3210 510 3275 vivet
525 3211 683 3294 vincetque
706 3210 738 3276 in
761 3211 850 3276 nobis
874 3229 993 3294 semper
1014 3210 1086 3274 boni
1108 3209 1239 3293 pastoris
1263 3209 1451 3276 officiumst

197 3325 315 3390 utilitas
338 3325 520 3409 reipublicae
536 3325 727 3392 christianae.
751 3324 841 3391 Nunc
865 3345 933 3391 vero
949 3345 1018 3392 curn
1035 3325 1105 3390 aliis
1127 3324 1269 3409 prodesse
1285 3325 1449 3408 cupientes,

196 3439 228 3504 id
249 3458 310 3507 non
339 3441 526 3524 potuerimus
556 3441 692 3525 asseqni;
721 3443 818 3507 restat
848 3442 883 3507 ut
906 3440 1015 3507 salutis
1046 3441 1170 3508 demum
1200 3443 1321 3508 nostrae
1345 3443 1376 3506 et
1400 3461 1449 3508 se·

196 3555 335 3622 curitatis
359 3557 458 3622 status
482 3557 680 3622 ecclesiastici
702 3575 737 3622 ac
760 3556 831 3622 fidei
854 3559 975 3624 nostrae
997 3557 1232 3623 commissorum
1253 3573 1321 3622 sam
1344 3575 1450 3624 curam

196 3671 362 3738 habeamus
385 3691 477 3756 qnam
499 3672 665 3738 necessitas
688 3672 754 3738 fert.
801 3673 901 3757 Igitur
929 3672 1158 3738 transeuntibus
1191 3671 1272 3758 regis
1302 3672 1446 3739 christia-

197 3787 320 3852 nissimi
341 3807 395 3871 per
424 3786 572 3853 ditionem
601 3787 840 3854 ecclesiasticam
861 3789 893 3854 et
915 3788 1053 3854 nostram
1075 3789 1179 3872 copiis,
1209 3788 1304 3854 armis
1327 3790 1451 3856 omnino

197 3905 347 3982 carentes,
377 3921 454 3987 quae
483 3922 537 3969 nec
566 3904 717 3987 pastorale
746 3903 890 3984 officium,
920 3923 976 3970 nec
1004 3907 1125 3988 egestas
1155 3904 1237 3970 sedis
1267 3905 1452 3989 apostolicae

196 4015 284 4082 nobis
306 4019 533 4100 permittebant
563 4018 754 4086 concordiam
783 4018 911 4084 fecimus
941 4021 1100 4103 cumipse
1129 4019 1235 4085 eodem
1266 4039 1339 4104 rege
1367 4021 1450 4087 chri·

197 4132 395 4213 stianissimo,
425 4133 470 4199 eis
500 4133 733 4213 conditionibus,
763 4136 794 4200 et
816 4154 851 4200 ea
874 4135 1108 4202 conventionum
1136 4137 1354 4220 pectorumque
1384 4154 1452 4202 mo·

196 4247 304 4326 destia,
334 4250 370 4313 ut
400 4248 490 4314 facile
521 4251 673 4333 appareat
705 4250 785 4315 nihil
814 4269 833 4314 a
862 4249 962 4329 nobis,
991 4251 1054 4317 nisi
1078 4249 1184 4336 fugam
1214 4251 1246 4316 et
1274 4251 1456 4318 vitationem

196 4363 401 4446 periculorum
430 4365 525 4430 brisso
555 4365 734 4449 quaesitam.
794 4364 842 4431 Ad
878 4365 958 4450 quod
987 4366 1149 4434 consilinm
1186 4367 1280 4432 otiam
1311 4366 1455 4434 fidentius

197 4479 382 4544 accessimus
413 4481 493 4567 quod
529 4500 564 4546 er
594 4480 710 4547 litteris
740 4481 921 4548 venerabilis
952 4481 1057 4548 fratris
1091 4481 1211 4548 Nicolai
1240 4479 1458 4571 archiepiscopi
