3400 5088
697 353 942 425 *131⁶

192 557 336 642 paternae
358 557 389 623 et
410 557 571 641 perpetuae
593 553 770 634 votunmtis,
799 553 837 620 de
859 552 924 618 eius
946 551 1049 618 animo
1067 550 1187 637 optimo
1210 573 1283 639 erga
1305 575 1444 626 noanon

194 671 418 738 dubitabamus.
463 671 532 737 Etsi
553 671 636 737 enim
659 670 852 736 audieramus
874 667 977 746 luisse
1000 667 1053 752 qui
1067 685 1175 751 pamm
1198 671 1287 753 gnari
1309 675 1443 739 necessi-

194 790 294 854 tatum
323 789 506 866 nostrarum,
535 787 669 853 actiones
697 787 819 852 nostras
849 785 983 850 sinistris
1014 783 1234 868 suspitionibus
1263 788 1446 856 labefactare

195 902 297 970 eonati
319 903 458 982 fuissem,
481 903 652 969 sciebamus
675 903 780 967 tamen
801 900 882 984 apud
903 899 1176 983 prudentissimum
1199 902 1230 967 et
1253 903 1445 987 sapientissi-

195 1039 281 1085 mum
304 1017 463 1084 Caesarem
485 1019 586 1084 locum
614 1018 737 1085 veritati
757 1037 832 1096 esse,
863 1035 924 1083 non
947 1015 1118 1098 suspitioni,
1148 1017 1234 1082 onius
1256 1018 1290 1083 in
1312 1039 1368 1086 nos
1390 1023 1445 1088 he-

197 1134 371 1213 nivolentia,
394 1135 451 1199 hoc
473 1135 561 1200 nobis
583 1135 701 1218 gratior
723 1136 754 1199 et
776 1131 958 1217 exploratior
986 1131 1068 1196 facta
1091 1135 1146 1208 est,
1171 1133 1251 1216 quod
1279 1138 1449 1217 permansit

197 1252 230 1316 in
252 1269 362 1330 amore,
385 1269 481 1334 nequa
505 1269 537 1315 se
560 1249 699 1315 abstrahi
720 1267 829 1332 passus
851 1248 914 1323 est3
938 1247 1149 1330 vetustamque
1164 1249 1302 1314 nostram
1324 1252 1355 1315 et
1377 1272 1447 1318 mu·

197 1369 284 1431 tuam
294 1365 408 1431 amoris
417 1365 660 1431 coniunctionem
675 1363 824 1447 singulari
833 1349 1006 1429 constantia
1015 1362 1219 1440 conser·uavit;
1235 1365 1320 1431 cuius
1330 1369 1449 1450 quando

199 1481 238 1547 ad
260 1481 371 1547 nutum
394 1480 515 1548 divium
543 1479 765 1565 providentiae,
788 1474 914 1545 consilio
937 1478 1040 1544 omnia
1070 1479 1176 1561 parata
1200 1482 1286 1557 sunt3
1310 1481 1396 1549 decet
1418 1487 1449 1550 et

198 1597 287 1664 illum
315 1596 457 1681 perticere
486 1605 563 1681 'quae
592 1595 654 1662 iam
684 1595 765 1679 cepit
794 1594 921 1660 consilia
950 1593 1154 1677 procurandae
1175 1595 1274 1679 paois;
1304 1599 1335 1662 et
1364 1600 1451 1666 huam

199 1713 316 1780 nob.tem
337 1732 460 1779 omnem
481 1713 516 1778 in
537 1731 572 1778 eo
594 1729 716 1795 operam
739 1712 770 1776 et
785 1709 923 1775 studium
945 1729 1034 1774 suum
1057 1710 1254 1793 interponere,
1278 1714 1313 1778 ut
1335 1714 1450 1782 sedada

200 1830 375 1914 pacatisque
403 1827 579 1895 domesticis
608 1827 713 1908 rebus,
741 1827 815 1892 illuc
836 1826 951 1910 pariter
972 1825 1094 1892 tondere
1122 1827 1284 1911 possimus,
1314 1849 1373 1915 quo
1396 1852 1452 1898 nos

201 1947 284 2012 Deua
306 1946 338 2011 et
359 1943 530 2010 communis
552 1941 668 2008 Christi
689 1961 737 2007 res
752 1945 848 2020 voest,
871 1943 904 2007 in
918 1960 977 2026 qno
999 1960 1086 2025 opere
1109 1943 1261 2026 praeclaro
1284 1947 1316 2012 et
1337 1947 1454 2017 illustri

201 2060 405 2127 restituendae
427 2061 459 2125 et
480 2059 696 2125 instaurandae
718 2059 902 2124 christianae
930 2057 1002 2124 fidei
1024 2059 1055 2124 et
1085 2058 1247 2143 dignitatis
1269 2061 1323 2128 ille
1350 2083 1453 2133 amore

202 2178 233 2244 et
254 2194 345 2262 opera
366 2177 398 2241 et
419 2173 599 2242 auctoritato
614 2176 733 2251 nostra,
756 2193 811 2240 nos
833 2174 919 2240 iltius
934 2174 1047 2240 virtute
1069 2175 1100 2241 et
1122 2175 1335 2260 magnitudine
1357 2182 1455 2248 animi

203 2293 400 2377 perfruamur,
423 2293 514 2376 atque
536 2310 572 2356 ea
594 2309 731 2375 agamus,
754 2309 831 2373 quae
853 2290 886 2355 iu
908 2292 975 2355 tam
989 2290 1074 2356 brevi
1087 2291 1177 2360 ¹vitae
1201 2294 1340 2360 mortalis
1363 2309 1471 2364 cursu¹

204 2427 307 2492 parere
329 2407 417 2473 nobis
447 2407 641 2472 eternitatem
663 2408 694 2470 et
716 2406 849 2471 bruchum
880 2406 1082 2489 sempiternae
1104 2407 1185 2490 apud
1207 2408 1307 2476 Deum
1336 2413 1456 2496 getiae

204 2523 331 2608 meant·
604 2605 608 2613 .

295 2637 360 2704 Hoc
382 2640 419 2704 ut
445 2639 569 2722 paretur
592 2636 800 2721 efficiaturque
829 2640 916 2702 tuum
946 2639 994 2703 est
1023 2656 1129 2722 urgere
1159 2641 1191 2704 et
1219 2657 1392 2724 procurare,
1422 2645 1454 2711 in

206 2754 292 2821 cuius
310 2753 423 2820 mute
446 2771 645 2838 magnopere
667 2754 772 2818 tantae
786 2752 886 2817 laudis
908 2754 1104 2836 conquietura
1126 2757 1182 2832 est,
1204 2756 1254 2821 cni
1267 2777 1324 2823 nos
1339 2777 1456 2844 quoque

207 2888 261 2954 pro
282 2870 387 2935 nostro
410 2868 559 2953 singulari
582 2869 628 2933 tui
650 2867 778 2934 ornandi
793 2866 894 2934 studio
917 2867 1044 2933 miritics
1066 2868 1212 2936 favemus.
1258 2870 1317 2938 Sed
1332 2875 1368 2939 ut
1385 2875 1456 2942 bre·

208 2986 287 3052 viter
308 2983 552 3068 perstringamus
575 3003 651 3068 quae
674 2982 756 3049 dicta
779 2983 859 3061 eunt,
882 2986 914 3048 et
935 2983 1127 3067 gratulamur
1148 2984 1220 3052 huic
1241 3007 1311 3054 vere
1325 2991 1459 3057 maximo

208 3101 241 3166 et
261 3117 331 3165 rere
351 3099 617 3183 praestantissimo
632 3098 761 3178 Caesari,
784 3097 865 3182 quod
886 3099 952 3164 tam
974 3099 1058 3182 piam
1073 3103 1104 3164 et
1125 3103 1240 3168 rectam
1262 3104 1296 3170 in
1318 3107 1460 3172 omnibus

211 3215 355 3281 adhibeat
382 3214 586 3292 voluntatem,
616 3217 647 3280 et
670 3214 707 3281 de
729 3215 815 3280 iltius
844 3233 947 3280 amore
970 3233 1042 3298 erga
1071 3233 1126 3282 nos
1149 3216 1322 3284 incredibili
1349 3220 1461 3307 gaudio

211 3329 369 3409 afficimur,
398 3329 515 3414 tibique
536 3330 615 3413 quod
637 3330 741 3396 omnia
761 3329 849 3395 nobis
871 3330 936 3396 tam
961 3329 1124 3414 diligenter
1146 3335 1218 3398 nota
1241 3353 1308 3400 esee
1324 3337 1462 3417 volueris,

213 3445 335 3530 agimm
357 3445 482 3528 paterno
505 3445 608 3510 animo
637 3445 770 3529 gratias,
799 3445 944 3528 tuamque
973 3447 1089 3510 nob.tam
1120 3446 1249 3512 tacimus
1279 3451 1394 3516 certam
1418 3451 1464 3538 (id

214 3559 294 3645 quod
315 3561 347 3626 et
367 3559 407 3624 ad
429 3561 548 3626 nostros
571 3558 652 3644 apud
666 3558 827 3626 Gaesarem
848 3560 974 3625 nuncios
991 3561 1082 3626 scribi
1105 3562 1300 3650 mandamus)
1317 3565 1395 3632 velte
1409 3587 1466 3634 noa

215 3677 247 3742 et
267 3694 383 3760 cupere,
413 3677 448 3740 ut
469 3677 501 3742 et
523 3675 620 3759 ipsius
651 3675 798 3741 serenitas
827 3675 858 3740 et
887 3693 993 3740 omnes
1023 3676 1072 3740 sui
1094 3695 1130 3742 ea
1151 3695 1170 3742 a
1193 3678 1281 3744 nobis
1310 3683 1468 3764 expectent
1521 3741 1524 3750 ,

215 3809 292 3875 quae
314 3791 352 3856 ab
368 3789 581 3856 amantissimo
603 3791 636 3855 et
656 3789 904 3874 idulgentissimo
926 3792 1012 3872 patre
1035 3793 1065 3856 et
1080 3792 1193 3877 requiri
1214 3799 1343 3877 possunt
1365 3799 1395 3862 et
1413 3817 1466 3864 ex-

217 3905 338 3990 pectari
384 3901 471 3984 Quod
492 3924 562 3971 vero
585 3905 624 3970 ad
639 3905 915 3989 comprobationem
938 3907 970 3971 et
984 3906 1218 3974 mtiticationem
1240 3910 1351 3977 federis
1371 3915 1467 3980 nost'

218 4021 337 4099 attinet,
360 4019 439 4104 quod
468 4039 522 4086 vos
545 4021 615 4086 istic
644 4021 794 4104 publicari
816 4021 986 4100 curavistis,
1017 4041 1072 4087 nos
1095 4043 1212 4108 quoque
1242 4027 1369 4094 eandem
1392 4029 1470 4095 rati·

218 4136 391 4204 ticationem
413 4137 652 4219 comprobantes,
674 4135 726 4201 hic
748 4136 877 4202 solemni
892 4135 941 4202 die
963 4137 1112 4221 legitimis
1128 4139 1302 4208 cerimoniis
1322 4143 1472 4210 adhibitis

220 4255 252 4318 et
273 4253 338 4318 Deo
361 4251 563 4335 omnipotenti
591 4251 709 4336 gratias
738 4269 828 4336 agere
850 4254 881 4317 et
903 4251 935 4318 id
964 4252 1067 4336 ipsum
1097 4255 1201 4332 foedus
1230 4259 1384 4341 publicare
1413 4278 1475 4325 non

221 4370 446 4452 postponemus.
470 4367 586 4433 Datum
600 4367 716 4434 Romae
725 4369 780 4434 etc.
796 4367 846 4433 die
861 4367 954 4434 xxiiii
964 4369 1081 4453 Aprilis
1097 4371 1215 4438 mdrxr.
1230 4374 1320 4440 Anno
1336 4373 1476 4440 secundo.

1280 4595 1317 4663 9*
