3366 5084
629 1333 708 1430 AD
736 1333 1057 1430 LECTOREM.

310 1723 516 1793 Sextodocimo
547 1724 664 1792 saecuto
694 1744 712 1790 a
740 1723 808 1791 thr.
838 1727 900 1791 nat.
930 1725 1017 1809 plura
1047 1723 1170 1808 quidem
1200 1725 1238 1802 ot
1269 1741 1363 1809 quam
1392 1741 1469 1808 quac

220 1841 361 1920 maxime,
390 1841 560 1907 memoratu
589 1840 682 1925 digna
711 1859 843 1906 evenere.
889 1838 1034 1906 Ciuilium
1063 1842 1154 1924 etque
1184 1858 1339 1906 sacrarum
1369 1858 1471 1905 rernm

221 1957 385 2036 conversio,
413 1955 676 2040 pertinacissimas
705 1953 804 2022 Caroli
827 1956 864 2022 V.
894 1956 926 2022 et
954 1956 1109 2022 Francisoi
1138 1955 1172 2035 1.,
1203 1954 1471 2040 cupidissimorum

220 2091 338 2157 regum,
368 2071 584 2150 contentiones,
614 2070 774 2137 calamitas
796 2069 906 2136 Italiae
934 2070 968 2137 in
998 2072 1177 2139 seruitutem
1206 2091 1302 2156 poene
1332 2071 1472 2138 renatae

221 2189 449 2270 exterorumque
471 2187 504 2253 in
526 2188 605 2252 hanc
620 2187 777 2271 nogionem
799 2204 936 2253 crescens
954 2185 1137 2267 dominatus,
1160 2187 1339 2272 pontificum
1354 2188 1471 2254 Roma-

221 2321 329 2368 norum
351 2301 496 2367 advorsus
529 2301 778 2368 heterodoxorum
807 2301 1054 2369 reformationem
1084 2303 1249 2369 acerrimae
1271 2321 1401 2388 pugnae,
1424 2303 1472 2368 vi·

221 2437 324 2484 rorum
338 2417 519 2502 principum,
536 2417 731 2483 sanctissima
746 2417 898 2484 Ecclesiae
908 2415 1081 2484 Catholicae
1096 2419 1164 2484 iura
1179 2417 1238 2484 eibi
1253 2419 1471 2504 arrogantium,

222 2533 403 2600 inexhausta
424 2532 565 2612 1111111111,
595 2533 800 2600 doctrinarum
823 2533 953 2619 danique
976 2535 1126 2618 corruptio
1155 2535 1330 2619 integritati
1351 2553 1473 2600 morum

223 2648 317 2714 nimia
340 2647 577 2727 adversantium,
608 2669 666 2734 quo
680 2649 759 2733 ,plus
781 2650 932 2716 momenti
961 2650 1061 2716 studio
1091 2650 1177 2716 illius
1206 2651 1317 2717 astatis
1347 2649 1472 2728 addunt

223 2782 258 2830 eo
280 2763 426 2829 maiorem
449 2763 605 2830 facessunt
627 2765 773 2830 historico
802 2764 1027 2832 difficultatem.
1072 2765 1189 2832 Idcirco
1210 2783 1318 2850 operae
1340 2766 1473 2849 pretium

224 2897 290 2945 esse
314 2879 506 2956 arbitramur,
530 2879 647 2963 aliquot
660 2879 749 2947 edere
772 2898 833 2946 non
848 2879 950 2965 exigui
971 2880 1113 2964 ponderis
1128 2879 1308 2947 documenta
1330 2899 1366 2946 uo
1381 2880 1473 2947 teeti-

223 2995 335 3072 monia,
357 3011 484 3078 quornm
501 3013 556 3077 ope
578 2994 725 3062 historiae
747 2995 872 3062 illorum
886 2997 1060 3080 temporum
1074 2996 1175 3062 lucem
1194 2995 1349 3063 affundens
1371 2996 1472 3081 posei-

223 3129 301 3177 mus.
324 3108 407 3176 Haec
429 3109 533 3193 utique
556 3108 716 3175 dumtaxat
731 3109 919 3194 sumpsimus
941 3111 1126 3196 colligenda3
1151 3111 1204 3178 sed
1219 3111 1350 3196 sapienti
1366 3113 1474 3196 cuique

224 3225 418 3310 perspicuum
441 3243 508 3291 esse
531 3223 628 3304 dehet,
651 3244 744 3310 quam
767 3220 914 3310 magnam
936 3245 1088 3311 quamque
1110 3227 1232 3293 firmam
1255 3227 1318 3294 11111
1341 3227 1475 3292 habeant

225 3339 264 3406 ud
285 3339 374 3420 facta,
397 3339 445 3406 rol
467 3341 617 3407 ementita
631 3341 680 3406 uel
702 3359 762 3406 non
778 3343 871 3425 probe
893 3342 1025 3427 cognita,
1047 3341 1237 3422 declaranda
1259 3342 1298 3408 ad
1321 3360 1475 3409 summam

226 3453 392 3522 Clementis
408 3447 487 3534 VII,
510 3455 664 3540 pontificis
679 3455 806 3522 maximi
828 3458 901 3522 tunc
922 3458 1089 3542 regnantis,
1112 3476 1173 3524 non
1195 3457 1294 3524 solum
1315 3458 1349 3524 in
1372 3458 1475 3536 sacris,

225 3590 333 3637 uerum
356 3570 451 3637 etiarn
472 3571 507 3636 in
529 3571 671 3638 ciuilibus
692 3547 863 3656 politicisue
882 3573 1015 3658 nogotiis
1038 3573 1260 3657 pertractandis
1281 3572 1475 3656 prudentiam

226 3685 471 3770 aequritatemqoe
486 3685 731 3771 dignoscendam
756 3687 796 3752 ad
810 3685 910 3754 Caroli
925 3689 963 3753 V.
986 3689 1179 3772 imperatorie
1194 3691 1332 3756 mentem
1355 3690 1387 3756 et
1401 3708 1474 3756 con·

228 3801 306 3879 sitia,
329 3801 563 3886 aequaliumque
586 3805 662 3884 acta,
684 3804 732 3869 uti
754 3823 809 3887 par
831 3805 886 3882 ost,
910 3803 1104 3887 expandenda
1127 3823 1163 3870 ac
1184 3803 1386 3870 diiudicanda.

316 3916 399 3982 Haec
421 3935 492 3983 vero
515 3937 533 3982 a
555 3919 643 3984 nohis
666 3917 793 3986 collecta
808 3919 988 3986 documenta
1011 3939 1046 3985 ac
1069 3920 1244 3986 neumenia
1266 3919 1351 3986 fuere
1372 3920 1476 3988 omnia

228 4052 264 4098 ex
279 4031 452 4117 archetypis
475 4032 635 4116 descripta,
658 4053 735 4118 quae
750 4033 800 4101 vel
822 4035 854 4100 in
870 4035 993 4101 archivo
1007 4035 1165 4114 Vaticano,
1188 4035 1237 4102 rel
1260 4037 1293 4101 iu
1308 4035 1477 4103 Mutinensi

229 4149 261 4214 et
274 4147 443 4214 Mantuano
465 4148 672 4216 adservantur.
696 4150 836 4216 Primum
851 4151 884 4216 in
907 4169 1011 4218 eorum
1028 4151 1106 4218 serie
1128 4151 1187 4216 sibi
1203 4151 1360 4219 vindicant
1374 4149 1476 4218 looum

228 4265 345 4344 breves,
368 4282 443 4348 quos
466 4283 485 4330 a
506 4263 621 4331 Jacoho
645 4263 786 4334 Sedoleto
815 4267 1008 4351 conscriptos,
1038 4268 1126 4334 misit
1154 4267 1193 4334 ad
1215 4270 1297 4335 uiros
1325 4267 1476 4352 principes

229 4377 372 4449 Clemens
387 4379 465 4458 VII„
488 4381 556 4446 tum
578 4383 768 4466 argumento,
791 4384 859 4450 tum
873 4403 976 4450 rerum
993 4384 1155 4468 grauitate,
1178 4385 1246 4450 tum
1261 4384 1356 4452 etiam
1369 4383 1477 4468 lingua

229 4513 265 4562 ao
287 4495 358 4562 stilo
372 4494 499 4581 plurimi
521 4495 735 4578 aestimandos
757 4498 804 4565 ite
825 4501 936 4566 utnon
951 4499 1041 4567 modo
1056 4499 1244 4580 historicum,
1268 4499 1321 4566 sed
1343 4499 1376 4566 et
1388 4497 1476 4564 litte·

1283 4605 1318 4674 a*
