3366 5084
780 307 1004 374 ..64-

265 519 338 587 erga
361 521 393 567 se
415 502 604 568 voluntatem
626 503 820 587 praecipuam
850 503 881 569 et
909 502 1034 570 charam
1056 503 1177 580 babeat,
1201 521 1334 587 quosque
1363 502 1519 588 intelligat

265 619 426 702 pmdentia
448 637 484 684 ac
512 617 648 708 bonitate
677 620 709 684 et
731 619 770 684 ad
793 619 954 685 veritatem
984 617 1211 703 percipiendam
1242 617 1366 685 idoneos
1389 619 1519 685 stracti

267 735 357 818 atque
380 734 470 822 aequi
491 752 557 799 esse
580 713 721 799 fautmes.
775 733 851 799 Cum
875 735 970 819 igitur
993 754 1047 818 per
1069 734 1124 800 bos
1156 733 1222 800 dies
1245 734 1378 800 evenerit
1407 737 1441 799 ut
1464 743 1519 800 bos

265 849 319 934 qui
341 849 500 915 carissimo
522 850 556 915 in
579 846 700 915 Christo
731 848 794 914 filio
818 852 920 916 nostro
944 848 1054 916 Carolo
1083 851 1178 916 electo
1201 849 1378 934 imperatori
1401 868 1520 933 semper

267 967 397 1049 augusto
412 965 457 1030 ita
472 964 625 1031 coniuncti
640 983 742 1030 amore
757 965 894 1031 amicitia
909 967 1047 1032 omnium
1069 984 1145 1050 pene
1165 965 1360 1031 consiliorum
1376 965 1519 1031 societate

267 1071 383 1160 sumus,
406 1082 440 1146 ut
456 1083 593 1146 nostram
608 1079 641 1146 in
663 1081 754 1146 illum
774 1059 1001 1148 inflammatam
1023 1081 1265 1148 benevolentiam
1289 1082 1352 1147 sola
1368 1100 1450 1146 mors
1466 1101 1518 1146 er-

267 1197 400 1262 tinctura
428 1215 495 1261 esse
518 1195 670 1272 videatur;
700 1197 795 1263 etiam
825 1217 895 1263 oum
925 1196 1083 1262 carissimo
1113 1197 1146 1262 in
1169 1195 1290 1262 Ohristo
1321 1196 1386 1262 filio
1415 1199 1519 1262 nostro

267 1311 428 1377 Francisco
443 1331 514 1396 rege
523 1313 707 1378 Francorum
724 1312 981 1378 christianissimo
990 1311 1233 1378 coniunctionem
1241 1311 1417 1388 fecerimua3
1434 1311 1519 1377 cuius

266 1429 332 1494 tota
354 1427 401 1493 vis
424 1428 514 1512 atque
538 1427 689 1494 sententia
710 1427 744 1494 in
759 1446 794 1494 so
816 1427 917 1512 posita
939 1428 988 1493 est
1011 1430 1044 1492 ut
1067 1430 1173 1494 neuter
1194 1429 1334 1494 nostmm
1357 1427 1447 1494 altari
1467 1428 1518 1492 in·

265 1542 377 1609 iuriam
400 1543 583 1609 damnumve
606 1542 718 1609 inierat
740 1544 794 1609 aut
816 1544 879 1609 ulla
901 1543 934 1608 in
957 1563 989 1608 re
1011 1545 1132 1609 noceat:
1162 1545 1251 1609 amnt
1272 1544 1402 1609 fortasse
1425 1542 1520 1626 aliqui

266 1657 326 1742 qui,
356 1677 426 1725 curn
447 1658 628 1724 inimicitiae
657 1661 689 1724 et
717 1659 834 1725 bellum
863 1658 944 1724 inter
974 1657 1134 1724 Caesarem
1164 1659 1195 1724 et
1223 1677 1326 1744 regem
1350 1657 1520 1741 predictum

268 1773 339 1852 sint,
362 1773 395 1838 in
418 1773 640 1839 dubitationem
663 1774 788 1840 veniant
810 1776 959 1858 tanquam
981 1774 1186 1841 mutationem
1200 1775 1395 1842 consiliorum
1418 1777 1449 1840 et
1465 1792 1518 1840 vo·

266 1889 396 1955 luntatis
418 1888 451 1954 in
473 1889 562 1954 nobis
586 1889 786 1972 suspicantes,
817 1909 908 1974 quam
934 1890 1146 1973 suspicionem,
1177 1891 1287 1975 siqua
1315 1891 1392 1956 forte
1415 1891 1521 1956 oborta

267 2004 317 2083 sit,
339 2005 480 2069 volumus
503 2005 583 2087 apud
607 2023 659 2070 vos
683 2003 806 2085 diluere,
837 2005 864 2071 si
886 2025 956 2072 vere
979 2007 1011 2072 et
1032 2008 1112 2074 recte
1135 2007 1167 2071 ct
1189 2026 1259 2072 oum
1281 2007 1345 2072 Deo
1367 2006 1401 2071 id
1423 2005 1520 2071 faeere

265 2138 437 2204 possumus,
460 2119 636 2186 nobilitates
659 2123 691 2187 et
705 2121 879 2187 devotiones
896 2123 1013 2188 vestras
1029 2122 1196 2200 hortantes,
1218 2125 1253 2187 ut
1276 2121 1394 2187 animos
1409 2139 1520 2206 aequos

268 2237 299 2302 et
321 2235 573 2319 facilesprebeant
596 2235 726 2302 veritati.
756 2235 822 2302 Nos
838 2237 929 2315 enim,
951 2257 1022 2304 cnm
1038 2237 1076 2302 ab
1099 2236 1189 2303 initio
1204 2237 1399 2320 pontificatus
1415 2237 1521 2313 nostri,

267 2350 476 2436 intelligentes
500 2371 591 2435 quam
616 2371 777 2435 personam
807 2353 894 2418 nobis
918 2352 1002 2418 Deus
1033 2352 1231 2436 imposuisset
1252 2355 1283 2419 et
1305 2353 1415 2436 quibus
1438 2355 1519 2418 tem·

266 2469 390 2552 poribus
419 2466 637 2551 perdificilibus
668 2472 758 2553 atque
788 2469 920 2534 turbatis
951 2488 1006 2534 nos
1029 2468 1069 2534 ad
1091 2468 1255 2553 regendam
1278 2469 1416 2534 saucmm
1433 2485 1521 2532 suam

266 2583 433 2650 Ecclesiam
449 2585 594 2663 vocasset,
618 2602 653 2647 aa
669 2602 758 2667 agero
782 2583 885 2650 omnia
907 2602 984 2669 quae
999 2583 1095 2668 ipsius
1119 2583 1239 2649 divinae
1254 2582 1410 2648 maiestati
1431 2584 1522 2666 grata

233 2709 237 2718 '
268 2719 334 2766 esse
349 2701 473 2783 possent
487 2698 737 2778 instituissemus
760 2698 955 2783 deposuimus
970 2718 1092 2782 prorsus
1109 2717 1143 2764 er
1159 2699 1262 2764 animo
1284 2700 1399 2764 veteres
1415 2716 1521 2762 omncs

268 2814 447 2881 inimicitias
463 2813 590 2899 odisque
611 2814 743 2898 pristina
757 2817 789 2881 et
811 2815 892 2880 rixas
915 2816 946 2880 et
960 2833 1116 2880 armorum
1139 2813 1275 2880 studium
1290 2812 1412 2898 ponitus
1435 2811 1521 2878 abie-

269 2931 375 3012 cimus,
406 2931 592 3014 scrutatisque
621 2930 782 3010 federibus,
812 2931 897 2996 illins
920 2930 1147 2997 benevolentiae
1176 2948 1235 3014 qua
1264 2929 1361 3013 ipsius
1384 2927 1522 2994 Caesada

270 3047 328 3114 toti
357 3066 471 3126 snmus,
501 3047 617 3112 bellum
647 3047 750 3111 hmen
779 3049 870 3130 atque
897 3064 982 3111 arma
1011 3044 1165 3112 noluimus
1194 3042 1328 3127 amphus
1357 3043 1437 3128 apud
1466 3060 1523 3108 nos

270 3163 386 3247 vigere:
417 3161 471 3228 sed
499 3161 587 3244 aequi
616 3162 713 3245 patris
742 3163 773 3226 et
795 3161 868 3227 boni
898 3161 1038 3243 pastoris,
1069 3161 1148 3225 sicut
1177 3159 1288 3226 vicario
1311 3157 1426 3223 Christi
1448 3177 1521 3223 con-

270 3277 419 3356 veniebat,
440 3276 518 3360 ipsis
540 3277 635 3356 etiam
658 3275 784 3342 Caesare
807 3278 839 3342 et
861 3275 1055 3341 serenissimo
1077 3293 1148 3360 rege
1170 3275 1301 3358 Angliae
1324 3274 1523 3358 approbanti·

271 3395 336 3474 bus,
359 3411 487 3478 persona
511 3392 658 3476 suscepta,
688 3411 777 3458 omno
799 3393 939 3458 nostrum
961 3390 1106 3470 studium,
1129 3409 1252 3457 omnem
1275 3388 1523 3468 cohortationem,

271 3509 465 3596 vigilantiam
487 3508 700 3574 auctoritatem
715 3508 754 3573 ad
778 3507 965 3573 suadendam
979 3506 1197 3572 obsecrandam
1219 3507 1251 3571 et
1265 3505 1408 3570 omnibus
1423 3504 1524 3570 modis

271 3624 492 3692 conciliandam
514 3643 620 3708 pacem
643 3623 836 3702 contulimus,
860 3641 952 3706 quam
975 3622 1070 3688 etiam
1100 3622 1165 3688 sine
1187 3621 1245 3686 tali
1266 3639 1394 3704 pensem
1424 3619 1525 3685 media

271 3743 303 3808 ot
324 3740 444 3824 aequali
467 3757 528 3806 non
550 3741 724 3823 poteramus
746 3739 885 3816 tractare,
909 3738 942 3803 in
965 3757 1026 3823 qua
1048 3737 1230 3803 tractatione
1252 3755 1348 3820 neque
1370 3735 1524 3819 impendio

272 3857 330 3923 ulli
351 3855 542 3940 pepercimus
564 3873 661 3939 neque
690 3854 796 3921 labori.
849 3852 909 3920 Sed
932 3873 1000 3919 cum
1031 3855 1135 3919 nostra
1158 3870 1214 3919 vox
1237 3853 1268 3917 et
1290 3851 1423 3918 hortatio
1446 3851 1525 3918 nihil

272 3972 437 4039 admodum
460 3969 602 4054 proficere
624 3969 782 4053 potuisset,
806 3969 981 4053 bellumque
1003 3969 1101 4052 primo
1124 3969 1157 4033 in
1181 3966 1317 4033 Galliam
1340 3967 1526 4034 translatum

273 4087 380 4154 deinde
403 4086 531 4152 celerius
555 4103 646 4169 qnam
661 4085 839 4167 putaremus
855 4084 888 4149 in
905 4084 1030 4150 Italiam
1045 4084 1219 4150 revocatum
1234 4083 1359 4162 fuisset,
1383 4081 1526 4167 Gallique

274 4201 446 4268 Mediolano
469 4203 566 4285 capta,
589 4201 686 4284 Papia
701 4201 834 4278 obsessa,
850 4199 981 4268 exercitu
1004 4199 1207 4284 prepollentes
1229 4201 1348 4282 partam
1370 4199 1526 4283 copiarum

272 4337 397 4385 suarum
426 4317 466 4382 ad
494 4315 673 4383 tentandum
697 4335 826 4399 regnum
856 4313 1094 4399 Neapolitanum
1123 4313 1276 4380 destinare
1307 4314 1526 4381 decrevissent:

273 4433 428 4506 mittimus
449 4451 530 4498 nunc
552 4433 700 4519 quantum
715 4430 934 4512 obstiterimus,
957 4450 1018 4497 non
1033 4428 1128 4496 armis
1150 4449 1206 4496 nos
1221 4427 1352 4514 quidem,
1375 4449 1394 4495 a
1415 4429 1527 4515 quibua
