3380 5088
660 341 998 460 ,''²⁸²''

838 689 911 756 212.

535 847 700 914 Clemens
723 857 795 916 v11.
819 857 999 932 Episcopo
1022 857 1207 916 Insulensi.

644 963 745 1050 (arev.
762 965 784 1032 1.
796 985 846 1066 ep.
863 968 929 1034 284
945 965 995 1032 fol.
1014 963 1101 1050 708).

712 1080 777 1166 (12.
794 1081 910 1166 Aprilis
928 1079 1037 1167 1524).

336 1239 527 1307 Venerabilis
542 1241 643 1320 irata,
668 1243 796 1308 salutem
813 1244 869 1309 etc.
906 1242 1022 1326 liuponi
1038 1242 1126 1308 nobis
1143 1242 1286 1323 iecerunt,
1308 1260 1369 1309 non
1384 1243 1497 1327 absque

247 1357 344 1424 animi
365 1359 464 1424 nostri
486 1358 688 1442 displicentia,
711 1359 816 1425 dilecti
837 1358 896 1426 lilii
920 1359 1124 1426 comnurdtas
1147 1357 1178 1424 et
1200 1359 1339 1425 homines
1362 1359 1496 1426 eiribtis

246 1472 435 1555 Venusinae,
465 1476 544 1560 quod
567 1475 749 1541 venerabilis
772 1475 866 1542 trater
894 1475 1057 1542 modernus
1079 1474 1237 1560 episcopus
1260 1475 1435 1543 Venusinus
1463 1475 1497 1542 in

246 1587 366 1658 Galbae
397 1591 537 1676 partibus
565 1589 742 1656 continuam
772 1591 832 1658 sibi
860 1591 1083 1658 habitationem
1114 1591 1247 1676 eligens,
1277 1592 1436 1658 ecclesiam
1465 1593 1497 1658 et

245 1706 337 1775 dioec.
362 1725 450 1774 suam
465 1707 656 1774 Venusinam
678 1727 732 1792 per
754 1725 850 1774 annos
872 1707 935 1774 iera
957 1707 1087 1792 triginta
1108 1709 1213 1774 contra
1236 1709 1380 1775 canonica
1401 1706 1494 1774 insti·

244 1824 312 1889 tutu
327 1823 470 1902 deseruit,
492 1824 524 1890 et
537 1823 571 1890 in
585 1823 637 1890 di·
654 1824 793 1908 partibus
809 1824 841 1889 in
856 1823 1036 1890 bodiemum
1050 1843 1146 1908 usque
1161 1823 1242 1890 diem
1258 1842 1376 1891 morum
1391 1823 1496 1902 trabit,

244 1957 279 2006 ex
301 1959 360 2024 qno
384 1941 589 2020 subsecutum,
611 1939 691 2024 quod
712 1941 751 2006 ob
769 1939 854 2006 illins
876 1939 1048 2008 absentiam
1071 1942 1103 2007 et
1124 1939 1190 2006 aius
1211 1939 1317 2006 vicarii
1339 1939 1496 2018 incuriam,

243 2054 381 2140 praefata
404 2055 530 2122 ecclesia
552 2055 649 2122 muris
671 2054 733 2122 fere
748 2056 868 2122 ruinam
891 2055 1091 2133 minantibus,
1113 2056 1177 2122 iarn
1199 2056 1321 2140 iamque
1338 2055 1493 2122 collaben-

244 2170 336 2249 tibus,
359 2174 391 2237 et
412 2171 578 2255 campanili
600 2173 664 2237 solo
687 2173 814 2256 aequato
837 2173 868 2238 et
889 2171 1019 2256 dirupto,
1051 2171 1175 2256 eiusque
1203 2172 1390 2239 ornamentis
1413 2171 1496 2238 dnea

245 2287 277 2353 et
299 2286 378 2353 carie
408 2286 605 2371 consumptis,
634 2288 783 2366 crucibus,
812 2287 968 2366 calicibus,
998 2289 1029 2354 et
1051 2287 1122 2354 aliis
1151 2287 1191 2354 ad
1213 2287 1351 2355 diuinum
1378 2287 1495 2354 cultum

245 2402 425 2468 necessariis
447 2420 523 2486 pene
546 2403 645 2487 ruptis
674 2405 705 2469 at
727 2402 842 2484 baetis,
865 2403 1034 2469 manarum
1056 2401 1173 2488 patitur
1194 2403 1422 2484 detrimentum,
1444 2401 1492 2468 fa·

243 2515 328 2584 brica
351 2517 409 2584 dre
426 2518 569 2585 ecclesiae
584 2519 777 2604 pauperrima
791 2520 948 2599 existente,
971 2518 1045 2586 adeo
1068 2520 1148 2603 quod
1163 2518 1285 2587 divinus
1308 2519 1408 2586 cultus
1423 2537 1493 2584 cum

242 2632 354 2701 debitis
370 2633 537 2702 reverentia
558 2634 715 2701 ethonore
731 2635 887 2702 commode
901 2635 1025 2707 ibidem.
1048 2653 1118 2702 oum
1140 2634 1324 2702 cathedralis
1340 2635 1391 2713 sit,
1406 2634 1490 2700 cele·

242 2749 326 2816 brari
348 2768 410 2816 non
424 2751 533 2835 potest
578 2746 677 2830 Quare
699 2752 766 2816 tarn
780 2769 834 2835 pro
857 2751 943 2836 parta
958 2750 1057 2816 dictae
1079 2749 1319 2829 communitatis,
1341 2751 1373 2816 et
1390 2748 1492 2816 honri·

242 2885 317 2933 num
332 2865 563 2950 praedictorum,
586 2865 640 2950 qui
653 2867 773 2949 partam
792 2867 886 2933 etiam
903 2885 991 2932 suam
1007 2885 1060 2950 pro
1076 2866 1158 2932 dicta
1172 2865 1361 2949 reparatione
1377 2863 1492 2932 contri·

242 2982 333 3048 buere
357 2982 429 3047 sunt
451 2981 565 3065 parati,
588 3000 680 3065 quarn
703 2982 808 3049 dilecti
830 2980 888 3048 lilii
910 2981 1023 3050 nobilis
1046 2981 1104 3048 riri
1126 2981 1272 3048 Ludoviei
1294 2982 1330 3048 de
1354 2979 1492 3048 Corduba

242 3097 328 3163 ducis
352 3095 481 3165 Suessae
503 3096 603 3164 dictae
623 3097 759 3164 eivibtis
778 3075 898 3164 domini
920 3096 1107 3181 temporalis,
1135 3096 1223 3163 nobis
1247 3096 1306 3162 fuit
1335 3095 1493 3162 humiliter

243 3211 457 3296 supplicatum,
480 3214 516 3278 ut
537 3212 572 3279 in
585 3213 763 3297 praemissis
786 3233 821 3279 ex
837 3215 940 3280 nostro
962 3213 1109 3296 pastorali
1124 3211 1223 3279 officio
1239 3214 1406 3297 opportune
1421 3230 1491 3294 pro·

241 3327 351 3406 videre,
373 3327 412 3394 de
426 3328 617 3413 benignitate
632 3328 797 3412 apostolica
819 3329 1024 3413 dignaremur.
1071 3327 1135 3395 Nos
1150 3328 1246 3414 igitur
1261 3328 1300 3396 de
1314 3326 1492 3412 praemissis

240 3445 356 3510 aeriam
370 3443 513 3510 notitiam
530 3462 591 3510 non
605 3444 761 3524 babentes,
784 3463 820 3510 ac
835 3443 1032 3511 indemnitati
1053 3443 1152 3511 dictae
1167 3443 1314 3512 ecclesiae
1337 3444 1493 3510 musulera

241 3557 405 3643 cupientes,
419 3558 595 3626 huiusmodi
611 3559 882 3643 supplicationibus
897 3558 1046 3639 inclinati,
1062 3559 1247 3626 fraternitati
1261 3561 1339 3639 tuae,
1355 3557 1392 3624 dc
1407 3557 1493 3624 cuius

241 3673 421 3741 darmritate
443 3675 476 3742 et
490 3674 650 3759 prudentia
676 3675 838 3760 specialem
853 3675 886 3741 in
902 3675 1033 3743 Domino
1048 3674 1191 3742 fiduciam
1206 3675 1388 3753 obtinemus,
1406 3693 1490 3739 com·

242 3789 406 3869 mittimus,
438 3791 469 3857 at
491 3790 673 3857 mandamus
703 3794 738 3858 ut
766 3791 806 3858 ad
828 3790 943 3858 dictam
965 3791 1124 3858 ecclesiam
1147 3790 1335 3858 Venusinam
1365 3793 1396 3856 te
1418 3807 1492 3856 con·

242 3904 330 3987 faras,
354 3906 385 3972 et
407 3905 445 3972 de
467 3904 691 3989 praemissiste
713 3906 877 3993 diligenm
898 3907 1052 3986 informes,
1075 3907 1107 3973 et
1129 3905 1210 3972 iacta
1224 3905 1366 3992 diligenti
1388 3905 1491 3989 inqui·

243 4021 361 4100 sitione,
384 4021 488 4088 omnia
510 4021 598 4088 nobis
621 4041 674 4106 per
696 4023 766 4089 tuas
782 4022 902 4089 litteras
926 4021 1098 4107 significare
1120 4037 1270 4106 procures,
1293 4022 1328 4086 ut
1349 4019 1492 4086 omnibus

242 4137 370 4216 mature,
393 4137 425 4203 et
447 4135 611 4221 diligenter
639 4137 846 4217 consideratis,
876 4136 1043 4204 deliberare
1066 4136 1220 4222 possimus
1241 4136 1316 4223 quid
1338 4134 1491 4221 agendum

241 4251 329 4318 nobis
359 4250 518 4317 ridebitur.
563 4251 679 4317 Datum
708 4252 822 4318 Rornae
852 4253 906 4318 etc.
935 4251 983 4318 die
1006 4251 1056 4318 rii.
1079 4252 1195 4336 Aprilis
1225 4251 1355 4318 mdxrir.
1400 4249 1489 4316 duno

241 4367 349 4457 primo,

1197 4483 1402 4570 avangelista
