3346 5084
661 429 815 496 -469
860 463 905 477 -

154 648 189 695 cx
212 627 303 695 dictis
327 627 485 712 scripturis
508 629 589 707 tuno,
611 629 642 693 61
665 645 699 692 eo
714 645 787 692 casu
810 625 877 692 sine
898 643 1039 708 expressa
1060 624 1185 691 licentia
1207 626 1239 690 61
1253 622 1406 708 presentia

153 745 282 828 predicti
305 743 421 811 domini
444 743 550 810 vicarii
572 762 632 808 non
659 742 697 808 lit
719 741 805 826 copia
828 742 1047 825 scripturarum
1076 759 1153 825 quae
1176 739 1303 806 suntin
1325 738 1406 805 dicto

155 859 365 936 archiviosed
389 860 488 925 solum
510 858 600 926 modo
622 859 827 942 inspiciuntur
848 857 908 924 6161
929 875 1051 923 neccsse
1073 857 1120 922 661
1141 857 1407 940 transumptantur

153 978 185 1043 61
207 978 312 1061 666166
341 976 493 1060 predictae
516 975 683 1058 scripturae
705 974 908 1041 restituuntur
930 974 963 1038 in
986 973 1067 1040 dieto
1089 972 1223 1039 archivio
1253 973 1284 1038 et
1306 972 1407 1038 claves

153 1093 228 1159 dicti
251 1093 379 1158 archivii
408 1093 601 1176 666166666
631 1091 790 1157 cimiarcas
821 1109 873 1156 seu
906 1091 1067 1156 sacristam
1096 1088 1194 1156 dietae
1224 1088 1406 1155 cathedralis

11 1235 12 1238 ¹
153 1209 312 1288 666166166,
343 1211 373 1273 61
402 1207 481 1292 quod
511 1207 584 1273 libri
613 1206 754 1273 videlicet
784 1206 980 1272 conciliorum
1002 1206 1192 1290 generalium
1223 1203 1407 1271 6111666166

152 1323 314 1391 1116616111
337 1323 539 1390 Ferrariensis
572 1343 691 1407 semper
715 1323 865 1389 steterunt
887 1323 921 1387 in
945 1322 1026 1388 11616
1050 1323 1210 1406 cartilogio
1235 1323 1350 1388 61666
1374 1322 1407 1387 16

11 1423 12 1426 “
152 1441 310 1508 61161666.
429 1445 434 1454 “

241 1557 451 1642 Interrogatus
473 1557 507 1622 in
530 1575 620 1622 causa
652 1557 795 1622 scientiae
825 1556 902 1622 dixit
930 1555 1067 1640 predicta
1097 1555 1173 1621 66166
1196 1573 1249 1638 666
1271 1572 1307 1621 66
1329 1573 1406 1639 quae

152 1693 244 1758 supra
266 1673 344 1739 dixit
365 1672 495 1757 eoquod
517 1673 583 1756 ipse
605 1672 665 1738 fuit
687 1691 829 1756 praesens
845 1672 962 1750 multis,
986 1673 1018 1738 61
1040 1671 1147 1736 multis
1171 1669 1404 1737 auscultationi-

151 1791 209 1856 bus
232 1790 264 1856 et
286 1797 405 1872 sempe'r
428 1788 507 1854 vidit
529 1788 652 1872 plenam
684 1787 822 1854 adhiberi
845 1787 938 1853 fidem
969 1786 1153 1871 supradictis
1177 1787 1345 1892 scripturis,
1368 1785 1405 1854 de

149 1907 216 1972 loco
238 1905 271 1970 in
286 1904 368 1970 dicta
384 1905 508 1970 civitate
530 1903 563 1968 in
585 1904 713 1970 ecclesia
728 1903 873 1988 praefata,
897 1905 934 1970 de
950 1905 1086 1988 tempore
1109 1902 1220 1987 dequo
1244 1921 1343 1986 supra,
1366 1901 1404 1969 16

150 2020 338 2087 contestibus
361 2019 398 2086 de
422 2039 453 2086 se
475 2021 554 2086 teste
584 2019 708 2086 domino
730 2020 896 2104 Aquilante
919 2019 955 2085 de
980 2018 1205 2099 Salamonibus
1228 2019 1259 2084 61
1281 2017 1404 2086 domino

150 2137 294 2220 Philippo
317 2135 354 2202 16
377 2136 579 2220 11666661166,
604 2155 651 2202 666
674 2137 834 2203 manciaco
854 2137 983 2215 Baccho,
1007 2137 1038 2202 61
1061 2135 1169 2202 multis
1192 2135 1263 2201 aliis
1285 2135 1402 2201 haben·

11 2333 13 2358 ἷ
148 2252 233 2318 11166
256 2252 400 2318 notitiam
422 2250 459 2317 de
481 2251 634 2335 predictis.
659 2293 661 2299 ι

240 2367 336 2452 Super
358 2367 551 2451 generalibus
574 2368 653 2451 quod
683 2369 731 2432 est
754 2387 902 2433 annorum
933 2368 1092 2452 sexaginta
1120 2369 1253 2452 quinque
1275 2368 1306 2433 et
1328 2385 1405 2451 quae

149 2483 291 2569 16666611
313 2483 408 2549 161666
431 2485 463 2549 61
485 2501 552 2549 6666
574 2502 653 2562 vera,
676 2461 826 2566 6166666
844 2484 972 2548 varitate
994 2483 1122 2561 dixisse3
1145 2483 1239 2550 habet
1261 2481 1404 2550 inbonis

150 2601 283 2667 valorem
306 2600 486 2666 ducatorum
508 2598 637 2665 duorurn
660 2599 796 2665 millium
819 2617 908 2683 super
931 2598 1001 2664 aliis
1024 2601 1112 2666 recto.
1150 2643 1152 2648 -

237 2713 430 2782 Reverendus
460 2693 639 2782 1601661616
668 2715 755 2798 pater
784 2714 927 2781 dominus
956 2716 1120 2799 Philippus
1149 2714 1187 2782 16
1209 2712 1403 2798 Rasponibus

147 2832 309 2900 canonicus
339 2831 461 2898 sanetae
483 2831 671 2897 Ravennatis
694 2830 846 2910 ecclesiae,
870 2829 949 2897 alius
972 2829 1062 2897 166116
1086 2831 1122 2896 61
1145 2847 1236 2914 66666
1258 2828 1401 2895 16166166

11 3035 12 3050 3
147 2969 200 3033 per
223 2947 339 3013 dictum
362 2967 385 3011 r.
401 2946 430 3012 d.
445 2947 669 3030 procuratorem
693 2948 724 3012 61
739 2947 852 3013 citatus
875 2946 1020 3025 monitus,
1043 2947 1169 3027 iuratus,
1193 2947 1224 3012 61
1239 2945 1403 3030 diligenter

11 3065 12 3074 ’
146 3063 337 3130 examinatus
355 3080 409 3145 666
424 3060 632 3145 supradictum
647 3062 847 3147 magnificum
862 3062 890 3130 d.
906 3063 1091 3146 potestatem
1108 3063 1140 3129 et
1154 3061 1401 3129 commissarium

146 3197 236 3264 super
259 3177 402 3262 capitulis
425 3178 456 3242 61
479 3176 548 3242 61116
571 3177 726 3260 productis
750 3197 803 3262 per
825 3177 941 3246 dictum
965 3199 987 3245 1'.
1011 3178 1039 3244 d.
1062 3179 1294 3262 procuratorem.

236 3291 295 3374 Qui
316 3293 407 3359 166116
431 3311 485 3358 666
507 3292 678 3361 iuramento
700 3293 854 3360 mediante
884 3294 1077 3362 testificando
1101 3295 1178 3361 dixit
1200 3293 1280 3378 quod
1302 3311 1321 3359 a
1343 3292 1397 3359 16-

145 3429 211 3476 ocm
234 3409 347 3493 viginti
370 3410 401 3475 61
423 3427 506 3474 xxxv.
525 3409 614 3474 annis
637 3409 714 3474 citra
728 3410 794 3494 1666
817 3411 906 3476 testis
922 3410 1001 3477 vidit
1023 3411 1057 3476 in
1080 3409 1247 3477 cathedrali
1271 3409 1399 3476 ecclesia

144 3525 282 3592 eiusdem
296 3525 432 3591 civitatis
455 3545 521 3591 esse
544 3527 576 3590 61
591 3525 689 3591 adhuc
704 3524 794 3592 hodie
817 3527 864 3592 661
879 3526 1031 3611 quoddam
1048 3525 1218 3593 archivium
1241 3526 1272 3591 61
1286 3525 1397 3610 vulga·

144 3642 220 3708 riter
234 3640 443 3724 nuncupatum
464 3640 489 3705 il
504 3641 665 3724 cartilogio
681 3642 714 3706 in
737 3660 795 3725 quo
812 3660 882 3707 cum
896 3642 1031 3708 maxima
1048 3642 1242 3708 observantia
1256 3641 1398 3707 tenentur

143 3759 175 3824 61
204 3756 416 3823 custodiuntur
445 3756 560 3821 multae
590 3757 621 3821 et
651 3757 894 3841 quamplurimae
924 3758 1089 3841 scripturae
1117 3758 1255 3841 publicae
1277 3757 1395 3823 166166-

143 3871 248 3938 menta
270 3870 432 3955 privilegis
454 3871 646 3937 munimenta
666 3871 788 3938 litterae
811 3872 1002 3955 apostolicae,
1025 3875 1056 3940 et
1078 3872 1245 3940 multorum
1259 3872 1394 3958 impera·

142 3991 247 4055 tnrum
276 3986 411 4066 indulta,
442 3988 472 4052 et
502 4006 609 4071 regum
639 3989 729 4072 atque
758 3987 888 4054 aliorum
918 3988 1090 4073 principum
1119 3988 1281 4073 privilegia
1310 3990 1393 4054 anti·

141 4103 291 4189 quissima
313 4121 374 4169 non
398 4102 497 4168 solum
519 4103 658 4188 vulgaria
689 4103 742 4170 661
765 4103 858 4170 etiam
885 4104 983 4171 latina
1009 4105 1127 4190 gottica
1155 4105 1187 4171 61
1208 4103 1395 4188 longobarda

140 4219 325 4305 pertinentia
347 4237 408 4286 non
424 4219 523 4285 solum
546 4217 585 4283 61
608 4218 722 4285 dictem
745 4220 904 4286 ecclesiam
918 4221 1080 4288 Ravennae
1104 4220 1157 4288 661
1179 4220 1219 4287 61
1233 4219 1393 4287 ecclesiam

139 4335 373 4415 Bononiensem,
396 4334 611 4415 Mutinensem,
635 4335 819 4420 Regiensem
834 4337 864 4402 et
880 4337 1091 4403 Placentinum
1115 4338 1146 4405 et
1168 4335 1261 4404 etiam
1279 4335 1319 4402 ad
1341 4353 1392 4402 66-

141 4449 268 4517 61661616
291 4451 386 4518 totius
409 4451 534 4517 Rom.ive
550 4452 581 4518 et
604 4451 643 4518 ad
666 4452 1029 4534 661666166666166166,
1052 4453 1162 4538 quibus
1178 4453 1337 4536 6661616616
1359 4452 1404 4518 16

139 4565 282 4636 omnibus
304 4567 380 4634 locis
402 4569 433 4633 61
460 4567 598 4651 partibus
622 4568 676 4635 ubi
706 4568 911 4653 producuntur
933 4570 1080 4654 tanquam
1110 4569 1244 4636 extracta
1266 4567 1303 4634 de
1326 4560 1391 4635 loco
