3400 5088
800 325 1023 396 „304

286 522 372 589 uobis
395 522 518 589 turbare
540 524 571 588 et
600 522 728 590 miscere
750 524 781 589 et
804 523 905 590 clades
927 543 963 589 ac
993 523 1184 591 calamitates
1213 541 1368 592 conserere
1399 545 1461 594 non
1483 543 1536 594 ve-

286 641 411 706 rentur?
435 637 494 719 Qui
519 639 546 704 si
562 639 674 705 audent
698 659 835 724 separes
859 640 956 706 lacere
978 641 1042 706 illis
1066 641 1219 707 veteribus
1242 644 1357 709 acoelo
1379 644 1538 710 instruatis

286 755 457 822 doctoribus
473 755 654 838 Augustino,
678 752 833 840 Gregorio,
857 756 1052 841 Hieronymo,
1067 757 1237 836 Ambrosio,
1258 755 1371 836 Oirillo,
1388 757 1537 842 cipriano,

286 871 390 955 totque
413 873 444 936 et
467 869 581 936 talibus
605 869 674 935 aliis
705 870 813 936 multis
837 871 967 937 summis
990 874 1022 937 et
1052 873 1256 939 sanctissimis
1290 874 1376 954 viris,
1406 891 1538 959 quanam

285 985 491 1071 imprudentia
514 986 609 1051 sunt?
639 985 718 1069 quod
741 985 844 1052 odium
867 1006 928 1053 non
958 989 1135 1054 merentur?
1164 1007 1315 1072 quaenam
1344 990 1468 1055 illorum
1491 991 1539 1054 est

285 1101 460 1186 arrogantia
483 1101 616 1167 sunnon
631 1101 870 1186 importunitas?
894 1101 928 1167 si
951 1105 1052 1168 antem
1076 1103 1140 1169 illis
1156 1104 1278 1184 cedunt,¹
1297 1105 1333 1170 ut
1356 1105 1459 1172 cedere
1481 1124 1537 1170 no·

285 1236 369 1284 cesse
390 1219 446 1295 est
469 1235 528 1301 qua
543 1217 660 1283 ratione
675 1216 789 1283 audent
811 1219 915 1284 contra
929 1217 1053 1284 illorum
1067 1219 1134 1303 pias
1151 1220 1359 1304 salutaresque
1374 1219 1408 1286 in
1423 1221 1538 1286 sanctis

285 1331 443 1418 scripturis
467 1333 634 1399 sententias
664 1352 742 1398 nova
764 1333 795 1399 et
817 1333 913 1417 impia
936 1335 968 1398 et
989 1333 1122 1400 heretica
1145 1333 1367 1402 disseminare?
1400 1333 1486 1415 Quod
1510 1336 1537 1402 si

283 1449 339 1514 isti
360 1467 379 1514 a
401 1448 520 1514 diabolo
549 1449 667 1515 inuncti
696 1450 728 1514 et
756 1449 916 1514 constituti
939 1449 1019 1529 sunt,
1049 1467 1102 1515 vos
1132 1469 1315 1533 quaesumus
1345 1450 1539 1517 dilectissimi

283 1565 349 1644 tilii
372 1584 426 1631 vos
441 1565 598 1649 inquimus
615 1564 653 1630 ad
670 1584 793 1631 sensnm
815 1565 901 1649 pium
917 1565 946 1630 et
963 1565 1147 1631 catholicum
1163 1564 1319 1644 adherete;
1343 1567 1538 1651 auctoresque

283 1683 402 1748 vestrae
424 1681 640 1748 immaculutae
669 1681 828 1766 religionis
851 1680 980 1765 accipite
1009 1700 1060 1747 eos
1090 1701 1165 1765 quos
1189 1701 1280 1767 snpra
1302 1682 1538 1761 nominavimus,

283 1817 410 1883 qnorum
434 1817 545 1863 nomon
568 1798 599 1863 et
620 1797 718 1881 pietas
734 1797 768 1862 in
790 1797 872 1862 coelo
888 1799 1062 1862 consecrata
1084 1798 1147 1863 est:
1170 1798 1222 1882 qui
1238 1817 1255 1862 a
1270 1799 1335 1864 Deo
1357 1799 1538 1864 missisunt

283 1913 323 1980 ad
346 1931 437 1979 sanas
459 1913 613 1978 doctrinas
636 1913 879 1978 mustituendas:
903 1931 964 1979 non
986 1893 1042 1979 hos
1063 1914 1147 1979 leves
1171 1915 1202 1979 et
1223 1914 1379 1998 improbos
1401 1915 1454 1998 qni
1476 1933 1536 1981 nou

284 2030 415 2096 salutem
437 2029 572 2094 vestram
596 2027 648 2094 eed
665 2046 753 2093 suam
767 2028 925 2094 licentiam
939 2029 1266 2114 intemperantiamque
1285 2031 1430 2114 cogitant.
1454 2029 1537 2096 Nam

282 2164 371 2229 quem
387 2145 476 2210 nobis
491 2144 624 2210 dolorem
639 2144 745 2210 afferre
767 2143 891 2211 creditis
906 2145 1017 2211 talium
1031 2144 1174 2225 filiomm‚
1190 2163 1265 2229 quos
1281 2165 1400 2231 sempor
1413 2147 1536 2212 tantum

283 2260 455 2326 amavimus
477 2259 649 2326 iacturam?
672 2277 733 2325 nou
749 2260 909 2344 temporali
932 2259 1043 2326 damno
1059 2279 1284 2328 commovemur
1306 2261 1386 2346 qnod
1401 2263 1461 2328 etsi
1476 2280 1537 2328 non

283 2375 433 2442 mediocre
455 2373 527 2440 Sodi
549 2375 731 2458 apostolicae
754 2375 864 2442 accidit
886 2377 919 2441 iu
941 2375 1043 2443 vobis:
1073 2378 1177 2443 tamen
1199 2377 1290 2442 huius
1313 2377 1419 2444 damni
1439 2378 1539 2444 multa

283 2492 412 2576 possunt
425 2489 560 2556 remedia
575 2489 713 2569 inveniri,
736 2492 838 2557 vestra
853 2491 941 2558 nobis
964 2491 1040 2557 fides
1056 2493 1157 2556 vostra
1180 2511 1249 2577 spes
1265 2494 1405 2560 aeternae
1428 2493 1538 2559 salutis

283 2606 366 2674 cordi
395 2608 450 2686 est,
481 2607 547 2672 siue
576 2626 635 2691 qna
665 2606 729 2672 vita
758 2609 881 2674 aeterna
910 2626 970 2673 non
1000 2606 1174 2691 acquiritur.
1223 2608 1374 2674 Tenemus
1404 2609 1536 2693 pastoris

215 2743 217 2748 ·
283 2741 394 2790 nomen
416 2724 447 2789 et
476 2722 687 2808 vigilantiam:
717 2723 866 2807 quomodo
889 2740 961 2808 ergo
983 2741 1146 2806 possumus
1169 2741 1230 2788 non
1245 2722 1345 2790 dolere
1369 2723 1536 2790 detrimen·

283 2841 351 2906 tum
373 2839 477 2924 gregis
499 2838 598 2904 nostri
621 2857 657 2903 ac
679 2837 752 2903 talis
775 2837 937 2922 presertim
958 2838 1072 2923 gregis,
1103 2857 1193 2922 quem
1216 2839 1303 2905 etin
1326 2858 1428 2906 amoro
1451 2840 1482 2904 et
1503 2839 1538 2904 in

282 2955 430 3022 charitate
462 2973 582 3038 semper
612 2955 787 3038 precipuum
819 2953 1007 3019 habuimus?
1060 2953 1161 3038 Atque
1191 2954 1248 3019 hos
1281 2955 1387 3021 ambos
1420 2954 1537 3021 frustm

281 3071 412 3138 istomm
426 3069 596 3154 impietatis
611 3070 642 3134 et
657 3068 779 3135 sceleris
794 3069 910 3152 primos
931 3070 1066 3154 profecto
1082 3069 1213 3150 sentitis,
1235 3069 1316 3155 quod
1338 3071 1442 3136 tantae
1457 3070 1538 3135 iuter

282 3205 336 3252 voe
359 3185 513 3270 sociosque
529 3185 646 3251 vestros
662 3185 809 3251 excitatae
827 3183 1032 3250 dissensiones
1057 3187 1137 3264 sunt,
1160 3187 1196 3250 ut
1217 3185 1279 3252 nisi
1294 3184 1436 3251 dominus
1452 3185 1536 3251 Dens

282 3301 371 3368 nobis
395 3320 482 3385 opem
505 3300 612 3366 tulerit
634 3300 686 3384 qui
715 3299 773 3365 hoc
795 3299 992 3384 potissimum
1016 3301 1187 3385 cogitamus
1211 3302 1242 3366 ot
1264 3299 1403 3384 cupimus
1427 3317 1479 3365 vos
1503 3299 1536 3364 in

282 3417 343 3483 tide
364 3419 472 3484 mutua
494 3417 525 3483 et
548 3416 685 3483 amicitia
707 3417 868 3496 continere,
892 3435 940 3482 res
954 3416 1002 3482 >ad
1025 3416 1159 3482 maxima
1181 3416 1315 3500 pericula
1338 3434 1535 3500 progressura

282 3551 349 3600 esse
371 3533 523 3599 videatur:
546 3533 580 3597 in
602 3550 660 3616 quo
684 3551 736 3598 vos
759 3533 957 3598 admonemus
980 3533 1012 3598 et
1026 3532 1166 3598 iubemus
1189 3530 1378 3597 considerare
1401 3531 1535 3614 primum

262 3649 340 3715 ‚hoc
362 3667 437 3731 opus
460 3647 590 3723 diaboli3
620 3647 763 3731 quicquid
786 3648 868 3714 enim
891 3649 930 3713 ab
952 3647 1073 3714 diabolo
1101 3647 1149 3713 est
1171 3649 1203 3713 et
1224 3647 1377 3713 ministris
1400 3647 1474 3725 eins,
1502 3646 1535 3712 id

283 3763 464 3830 seditionem
479 3765 510 3829 et
524 3762 673 3829 zizaniam
696 3763 835 3841 seminat
858 3771 964 3847 pacem
980 3762 1267 3847 consensionemque
1282 3763 1444 3842 disturbat
1466 3761 1536 3828 odia

281 3877 519 3963 inimicitiasque
541 3877 680 3944 conserit
726 3877 809 3944 Nam
832 3897 908 3962 qnae
931 3879 1028 3945 aDeo
1052 3879 1124 3944 sunt
1145 3896 1251 3962 paoem
1266 3877 1384 3944 faciunt
1406 3879 1438 3945 et
1459 3895 1533 3944 oon·

283 3994 488 4080 spirationem.
534 3993 644 4078 Fugite
667 3994 726 4059 filii
748 3993 846 4078 tingite
875 3995 954 4060 tales
984 3995 1126 4060 heresum
1154 3993 1324 4078 impietatis
1348 3991 1534 4060 seditionum

283 4110 496 4178 seminatores:
519 4129 555 4176 ac
577 4108 665 4177 nobis
688 4110 741 4193 qui
763 4112 888 4194 paterno
911 4127 984 4194 erga
1005 4127 1060 4175 vos
1083 4127 1185 4175 amore
1208 4128 1277 4175 vere
1299 4108 1426 4175 ferimm
1441 4108 1535 4175 fidem

281 4225 406 4304 habete3
436 4245 543 4291 sumus
566 4225 623 4291 hac
638 4225 806 4309 pontificali
821 4245 892 4292 cura
914 4225 995 4291 inter
1008 4226 1109 4291 Deum
1131 4226 1163 4291 et
1177 4243 1231 4292 vos
1254 4223 1356 4305 medii,
1379 4223 1534 4309 provehis

282 4359 404 4408 cramus
426 4360 480 4425 pro
511 4339 598 4407 vobis
626 4339 843 4407 intercedimus
864 4359 919 4424 pro
941 4341 1044 4406 uestra
1073 4340 1172 4406 salute
1195 4343 1260 4406 tam
1290 4341 1413 4408 aeterna
1442 4357 1535 4424 quam

280 4455 442 4544 temporali
464 4455 632 4522 Dominum
659 4456 762 4541 ipsum
784 4457 885 4522 Deum
914 4453 1049 4541 quotidie
1077 4454 1280 4540 deprecamur.
1325 4455 1391 4524 llus
1413 4457 1536 4524 nostrae
