3380 5088
681 381 925 452 ——239-

177 573 368 646 Gulielmum
391 577 492 647 Bellai
513 579 672 647 (lominum
694 581 839 666 laugerii
861 581 931 646 tuae
954 584 1044 646 seres
1063 599 1081 646 a
1103 579 1250 662 eubiculo,
1271 581 1429 650 hominem

175 697 318 762 omnibus
343 696 491 762 virtutum
509 697 696 764 ornamentis
718 695 891 781 praeditum
913 695 979 762 fieri
995 698 1210 780 spectatorem3
1232 697 1324 764 buius
1346 697 1427 765 enim

176 811 339 895 diligentia
362 811 514 879 industria
543 813 679 896 probitas
709 813 841 879 menime
870 812 959 878 nobis
982 812 1228 897 fuitvoluptati,
1258 813 1311 899 qui
1338 815 1429 881 rebus

175 929 318 993 erunibus
340 931 371 994 st
394 927 474 1011 apnrl
488 928 621 994 Venetos
644 930 676 994 et
690 947 782 1012 penes
804 947 860 995 nos
874 927 1049 1012 perspectis,
1072 946 1245 1013 quanquam
1260 931 1347 995 tuam
1361 929 1428 994 ius-

176 1043 293 1140 sionem
324 1044 492 1110 revertendi
522 1045 732 1128 expectaturus
761 1046 836 1123 erat
866 1044 970 1110 temen
999 1045 1103 1110 nostro
1132 1045 1255 1110 hortatu
1278 1047 1309 1111 et
1331 1046 1429 1112 missu

176 1160 229 1242 qui
252 1160 309 1224 boc
332 1161 465 1225 maxime
487 1159 690 1238 volueramus,
714 1159 774 1226 sibi
790 1159 828 1224 all
851 1160 882 1225 te
904 1159 1091 1226 redeundum
1106 1160 1302 1240 existimarit,
1326 1161 1429 1226 iuboc

175 1295 293 1360 quoqne
315 1276 374 1341 tibi
396 1275 546 1342 deservire
569 1295 601 1341 ee
615 1278 768 1361 reputans,
792 1277 819 1340 si
842 1279 960 1341 mature
975 1277 1079 1341 nostre
1102 1275 1140 1340 ad
1164 1276 1355 1342 tomandata
1373 1275 1427 1341 de·

176 1390 347 1476 siderisque
369 1391 509 1468 reterret;
533 1408 592 1476 quo
615 1409 684 1456 eum
699 1390 823 1456 bomine
838 1392 909 1456 tuae
932 1395 1022 1457 seroie
1042 1389 1229 1469 fidelissimo,
1253 1391 1341 1456 nobie
1356 1409 1427 1476 pro-

179 1507 340 1572 batissimo
364 1506 465 1590 ample
487 1509 518 1573 et
539 1506 666 1591 largiter
695 1507 789 1572 locuti
812 1526 933 1586 sumus,
963 1525 1040 1591 quae
1063 1525 1132 1572 enm
1154 1505 1306 1573 voluimus
1337 1506 1376 1572 ad
1399 1508 1429 1572 te

176 1621 314 1706 perferre.
361 1619 444 1702 Quae
467 1621 636 1690 cuiusmodi
660 1624 733 1702 sint,
756 1624 901 1707 quoniam
924 1641 959 1689 er
974 1623 1028 1688 illo
1051 1623 1139 1706 plene
1163 1622 1429 1702 intellecturum,

177 1755 237 1803 nou
260 1756 381 1803 necesse
403 1737 646 1804 existimavimus
669 1738 773 1804 omnia
794 1757 861 1804 esse
876 1739 1043 1804 scribenda.
1089 1739 1157 1804 Duo
1173 1739 1293 1804 tantun
1316 1739 1430 1804 uostris

177 1851 289 1918 litteris
319 1853 378 1918 tibi
408 1852 609 1939 significanda
639 1853 799 1938 speciatim
828 1854 985 1930 ‹lusimus3
1021 1874 1117 1920 unum
1147 1857 1194 1922 eet
1224 1853 1305 1939 quod
1339 1853 1429 1920 rebus

176 1967 285 2034 lteliae
308 1969 463 2055 abquanto
478 1969 738 2050 imbecillioribus,
762 1989 855 2054 quarn
877 1972 912 2036 ut
926 1971 998 2036 illae
1020 1971 1101 2036 tanti
1123 1971 1197 2038 belli
1212 1971 1329 2055 pondus
1351 1971 1428 2038 ferre

177 2084 370 2170 evolvereque
385 2087 513 2170 possint
529 2086 592 2152 nisi
608 2085 922 2153 tununnensis
937 2105 1061 2152 causam
1074 2104 1237 2172 curamque
1250 2087 1430 2166 incubuerit,

176 2201 312 2285 graviter
332 2203 608 2286 pertimeeoeurlnm
630 2204 686 2280 eet,
709 2219 747 2268 ne
770 2205 875 2269 contra
897 2203 1025 2282 eveniat,
1048 2221 1141 2287 quarn
1156 2221 1175 2268 a
1189 2201 1278 2269 nobis
1300 2203 1360 2269 fuit
1374 2202 1428 2269 de-

177 2317 342 2400 signatum.
388 2316 465 2385 Cum
487 2319 570 2385 enim
592 2318 732 2384 homines
754 2319 898 2384 victoriae
928 2317 1039 2384 fidncia
1061 2319 1166 2396 elates,
1197 2321 1228 2384 et
1250 2319 1350 2386 ebena
1378 2321 1428 2384 ni-

177 2433 274 2499 mium
296 2436 472 2519 appetentes
495 2434 534 2501 ad
555 2453 666 2521 aequas
690 2435 774 2519 pacis
796 2435 984 2501 conditiones
1006 2434 1153 2503 mturare
1176 2435 1368 2512 studeamus;
1401 2435 1428 2501 si

178 2551 226 2616 illi
247 2551 327 2617 bello
350 2568 411 2617 non
439 2550 600 2631 interimor
619 2552 783 2632 extiterint
813 2553 845 2619 et
874 2570 959 2618 arma
982 2553 1087 2618 nostra
1118 2551 1364 2636 contempserint,
1391 2551 1430 2617 ad

178 2666 325 2733 maiorem
354 2669 562 2754 arrogantiam
591 2670 623 2734 et
651 2667 851 2753 cupiditatem
879 2667 1013 2753 prolecto
1042 2667 1248 2734 incendentur.
1295 2665 1430 2748 Quorum

178 2781 285 2850 uenus
308 2784 428 2850 animos
450 2785 482 2850 et
511 2783 638 2868 spiritus
666 2803 763 2868 neque
792 2785 827 2849 tu
850 2803 946 2869 neque
974 2802 1030 2850 nos
1061 2783 1229 2867 poterimus
1259 2783 1430 2868 reprimere.

178 2899 318 2965 Alterum
341 2901 396 2978 est
421 2899 500 2983 quod
523 2919 593 2966 cum
615 2917 670 2966 nos
693 2901 728 2966 in
749 2900 802 2965 tuo
824 2919 927 2966 amore
949 2901 981 2965 et
1002 2899 1213 2966 coniunctione
1235 2898 1431 2983 potissimum

179 3017 376 3082 statuerimus
392 3016 584 3100 requiescere,
608 3016 764 3100 simusque
786 3015 846 3082 tibi
859 3017 1004 3100 perpetuo
1019 3015 1118 3083 fidelis
1142 3015 1295 3082 amicitiae
1310 3015 1430 3082 vinculo

177 3131 223 3197 ita
243 3131 397 3197 coniuncti
419 3131 522 3212 futuri,
545 3133 581 3197 ut
602 3132 720 3198 nemini
741 3151 877 3216 uuquam
899 3129 1020 3198 Galbae
1042 3133 1108 3217 regi
1129 3131 1291 3217 quisquam
1313 3131 1428 3198 Boma-

179 3267 236 3312 nus
258 3247 403 3331 pontifex,
426 3266 619 3332 quaecuuque
642 3248 744 3314 futura
767 3250 815 3312 est
836 3250 943 3314 nostra
965 3247 1139 3326 auotoritas,
1163 3247 1357 3326 existimatio,
1380 3247 1426 3312 u-

178 3363 290 3448 gnites
320 3382 355 3429 ea
377 3363 436 3429 tibi
458 3365 524 3430 tota
552 3363 709 3448 profutura
738 3365 794 3429 est
841 3361 939 3443 Quem
961 3381 1016 3429 nos
1046 3362 1184 3429 animum
1207 3381 1281 3448 erga
1302 3363 1342 3442 te,
1371 3363 1431 3429 etsi

178 3480 298 3562 publico
313 3477 549 3546 christianitatis
565 3479 644 3546 bono
662 3479 830 3564 praebituri
845 3497 960 3559 sumus,
983 3480 1088 3547 tamen
1103 3497 1216 3564 magna
1230 3479 1264 3546 in
1287 3497 1321 3544 eo
1336 3479 1430 3544 etiam

178 3595 225 3661 rie
248 3597 297 3662 eet
319 3595 432 3662 amoris
455 3615 528 3681 erga
550 3596 581 3662 te
603 3596 710 3676 nostri,
733 3615 824 3680 quem
847 3597 912 3662 toto
935 3595 1023 3664 eorde
1045 3597 1199 3679 receptum
1214 3596 1357 3680 perpetuo
1380 3612 1429 3660 re-

177 3711 294 3778 tenturi
316 3732 430 3778 sumus.
477 3710 666 3796 Quapropter
689 3710 763 3796 quid
785 3710 825 3777 ari
846 3712 878 3778 te
892 3712 1043 3796 pertineat
1066 3712 1203 3777 nostram
1226 3709 1428 3777 existimatio·

179 3845 249 3894 nem
272 3828 351 3895 tueri
374 3827 462 3894 facile
485 3828 616 3912 ipsemet
637 3828 723 3911 potas
746 3845 933 3912 cognoscere.
978 3827 1061 3894 Haec
1091 3825 1213 3912 quidem
1236 3826 1296 3893 (luo
1324 3827 1432 3912 quanti

178 3943 328 4011 momenti
357 3945 436 4030 apud
460 3944 596 4010 animum
627 3945 715 4010 tuum
737 3961 805 4010 esso
827 3943 971 4022 debeant,
1000 3945 1035 4009 ut
1057 3941 1191 4028 cogiure
1220 3943 1312 4023 velis,
1341 3944 1430 4010 valde

180 4066 285 4127 ser.tom
307 4062 395 4126 tuam
417 4063 569 4146 rogamus.
616 4058 676 4126 Sed
698 4059 734 4126 rle
757 4059 816 4138 bis,
839 4061 871 4125 et
893 4059 930 4125 de
953 4059 1023 4126 aliis
1046 4059 1086 4125 ad
1108 4057 1192 4124 idem
1207 4059 1430 4142 pertinentibus

180 4183 276 4244 sente·
304 4178 358 4243 tua
387 4177 489 4261 ipsum
512 4174 701 4243 Gulielmum
731 4175 835 4242 audiet
861 4176 1051 4260 loquentem,
1081 4177 1113 4241 et
1141 4173 1279 4241 animum
1309 4193 1430 4241 ornnem

179 4294 318 4360 uestrum
340 4295 431 4378 plane
453 4291 512 4360 tibi
534 4294 741 4378 exponentem,
765 4293 814 4358 cui
836 4294 868 4358 te
882 4291 975 4359 fidem
997 4292 1110 4359 babere
1125 4291 1274 4359 volumus.
1314 4291 1430 4356 Datum

178 4411 294 4477 Romae
317 4413 371 4477 etc.
396 4410 445 4476 die
467 4409 549 4476 xviii.
574 4407 761 4494 Septembris
785 4410 915 4475 mclxxvi.
961 4411 1049 4475 buno
1073 4409 1171 4475 tertio.
