3364 5102
783 365 938 438 -338
983 399 1028 420 -·

277 563 309 634 et
330 565 366 634 ut
387 560 503 634 tlhrieti
517 559 664 634 moenum
687 565 906 653 christianique
928 567 1031 653 gregis
1047 568 1201 652 pastorem
1224 559 1359 636 venerari
1382 569 1413 634 et
1434 560 1538 636 colere

276 685 425 770 cupimus.
469 683 576 768 Neque
605 683 760 749 immerito
783 704 809 749 v.
836 705 859 752 s.
882 685 920 752 de
942 686 1048 750 nostra
1070 685 1103 750 iu
1125 684 1229 751 hostes
1251 684 1378 750 victoria
1399 701 1535 768 congra-

276 801 370 867 tulari
391 800 539 884 letarique
561 799 689 878 videtur,
719 819 737 864 a
760 801 891 867 Domino
921 801 1003 866 enim
1028 800 1143 866 factum
1166 802 1214 866 est
1239 799 1323 866 istud
1344 802 1376 867 et
1397 802 1445 866 est
1468 799 1534 864 mi-

276 917 373 984 rabile
395 917 429 982 in
443 915 555 982 occuHs
571 915 700 992 nostris;
723 915 795 982 hino
817 916 900 982 enim
914 916 1035 1000 prebuit
1049 915 1154 982 divina
1176 917 1338 983 clementia
1359 917 1425 996 iter,
1448 915 1533 1000 quod

276 1031 452 1099 hominibus
475 1049 536 1098 non
559 1032 690 1114 patebat,
719 1031 772 1098 sed
795 1031 913 1098 inuium
943 1032 1141 1116 clausumque
1171 1032 1202 1097 et
1224 1031 1313 1115 quasi
1335 1031 1530 1116 desperatum

275 1147 444 1226 uidebatur,
466 1147 504 1213 ad
526 1165 632 1230 pacem
655 1146 772 1213 scilicet
786 1147 978 1232 quietemque
1000 1147 1246 1227 christianorum,
1269 1147 1308 1212 ad
1330 1147 1434 1215 hostes
1457 1145 1531 1212 fidei

275 1263 463 1348 repellendos
485 1262 726 1342 conterendosve,
749 1263 787 1330 ad
803 1263 923 1330 hereses
939 1263 1096 1348 sectasque
1110 1281 1249 1330 erroneas
1264 1262 1466 1348 extirpandas,
1489 1261 1530 1326 ad

275 1379 475 1446 christianam
506 1377 685 1464 religionem
708 1377 917 1461 ampliandam
945 1377 1228 1463 etabihendamque,
1257 1398 1382 1464 gregem
1411 1397 1529 1464 quoquo

274 1495 460 1563 dominicum
482 1495 516 1560 in
538 1515 633 1560 unum
657 1494 735 1560 ovile
757 1494 970 1579 redigendum
994 1494 1039 1560 uil
1061 1495 1145 1561 euim
1166 1495 1249 1561 cordi
1271 1497 1375 1563 nostro
1397 1496 1436 1561 ab
1458 1495 1525 1562 iue-

274 1613 351 1680 unte
373 1613 453 1678 etate
483 1610 598 1695 magis
614 1610 750 1676 inheruit
771 1628 864 1695 quarn
886 1611 922 1676 ut
944 1611 1008 1677 Deo
1037 1610 1192 1695 imprimis
1223 1609 1332 1678 deinde
1360 1610 1528 1678 christiane

271 1727 425 1812 republica
448 1725 621 1792 satisfacere
644 1744 812 1810 possemus,
834 1726 913 1791 uude
936 1725 963 1791 is
985 1726 1038 1810 qui
1062 1727 1212 1794 scrutator
1235 1728 1283 1792 est
1304 1725 1449 1806 cordium,
1471 1726 1524 1809 qui

273 1844 408 1910 mentem
438 1844 576 1908 nostram
605 1840 691 1908 novit
719 1843 751 1908 et
773 1841 852 1908 nihil
874 1842 1004 1926 ignorat,
1035 1862 1089 1909 sue
1118 1842 1244 1928 pietatis
1272 1843 1391 1910 occulos
1414 1841 1447 1908 in
1469 1859 1524 1907 nos

272 1960 458 2037 mnvertens,
481 1955 702 2042 impedimenta
723 1976 760 2023 ac
774 1958 955 2025 offendicula
976 1959 1088 2044 quibus
1106 1959 1166 2025 iter
1188 1958 1271 2043 pacis
1286 1957 1525 2042 praeludebatur,

273 2073 437 2151 submovit,
459 2073 660 2157 caliginosm
676 2074 788 2140 nubem
804 2073 943 2140 venetis
966 2074 1109 2141 notitiam
1124 2075 1356 2141 obumbrantem
1374 2073 1525 2140 claritatis

273 2208 326 2256 sue
353 2189 470 2255 lumine
492 2189 638 2255 abstersit
659 2207 842 2273 gressusque
864 2191 984 2257 nostros
1007 2189 1040 2256 'm
1063 2191 1206 2258 amitam
1228 2193 1342 2256 rectam
1364 2187 1523 2273 disposuit

271 2303 337 2371 Nec
359 2305 397 2370 ab
421 2323 454 2370 re
476 2322 503 2370 v.
520 2324 543 2370 s.
567 2304 740 2388 prophetico
763 2305 895 2389 quodam
918 2306 1027 2389 spiritu
1043 2305 1212 2390 predixerat
1233 2305 1338 2372 foedus
1360 2304 1437 2372 illud
1452 2323 1522 2374 cum

270 2420 362 2486 Gallo
385 2439 561 2504 percussum
576 2421 714 2487 comunis
736 2422 820 2505 pacis
843 2421 1014 2506 auspicium
1036 2423 1114 2499 fore3
1137 2420 1246 2488 Gallus
1269 2421 1353 2488 enim
1375 2440 1410 2488 eo
1425 2421 1521 2489 fretus

269 2535 475 2614 fundamento,
506 2536 620 2601 viribus
650 2537 774 2618 nostris,
804 2540 838 2603 ut
860 2538 1074 2618 arbitrabatur,
1104 2538 1274 2618 diminutis,
1304 2557 1394 2622 seque
1424 2538 1521 2604 multo

270 2651 454 2736 superiorem
469 2653 589 2735 putans,
612 2652 753 2732 uincitur,
769 2653 952 2738 invitusque,
975 2654 1015 2721 ad
1030 2673 1122 2738 eques
1137 2655 1221 2742 pacis
1244 2653 1432 2724 conditiones
1454 2655 1519 2718 tra-

270 2767 362 2833 hitur.
408 2765 494 2851 Quod
518 2769 655 2852 superest
679 2787 702 2834 s.
718 2788 745 2834 v.
769 2769 877 2835 nuntio
899 2771 930 2834 et
946 2771 1035 2836 uerbo
1058 2773 1089 2836 et
1112 2771 1224 2855 scripto
1247 2769 1467 2855 respondimus,
1489 2771 1521 2834 et

269 2883 401 2966 amphus
424 2902 478 2967 per
499 2885 632 2950 oratores
655 2886 774 2950 nostros
796 2904 822 2950 u.
846 2903 868 2950 s.
892 2884 1081 2952 referendum
1104 2886 1373 2971 explicandumque
1396 2884 1519 2951 comisi-

268 3017 347 3078 mus,
370 2999 480 3082 quibus
504 2999 610 3065 eadem
634 3015 684 3065 se·
712 2999 805 3065 fidem
828 3001 963 3083 prestare
985 3001 1171 3085 dignibatnr,
1201 3020 1292 3085 quam
1315 3001 1369 3067 diu
1392 3001 1520 3068 feliciter

268 3114 368 3180 vivere
390 3117 446 3181 etc.

240 3304 243 3314 ¹
356 3231 471 3296 Datum
494 3232 527 3297 in
554 3232 663 3316 oppido
693 3234 797 3298 nostro
819 3231 976 3298 Maioretti
1005 3233 1053 3298 die
1076 3233 1131 3300 iiii
1162 3233 1277 3299 mensis
1300 3232 1416 3317 Aprihs
1439 3253 1518 3301 anno

264 3336 397 3412 Domini
413 3346 531 3420 mdxxv.
577 3349 752 3433 Regnorum
768 3349 940 3415 nostrorum
963 3349 1095 3416 Romani
1117 3351 1209 3428 serto,
1232 3351 1264 3415 et
1286 3349 1369 3417 atior.
1392 3348 1518 3418 decimo.

355 3461 481 3529 Carolus
504 3466 559 3531 etc.
1295 3465 1428 3532 Charles.

869 3579 1016 3648 Mandato
1038 3579 1185 3648 Caesaris.
1230 3581 1286 3648 Ph.
1311 3581 1428 3650 Nicola

855 3841 929 3909 255.

637 4006 788 4070 Carolus
810 4009 852 4070 v.
874 4007 1048 4068 Clementi
1070 4009 1144 4071 vn.

702 4118 789 4205 (litt
814 4119 908 4203 prino.
928 4119 985 4186 m„
1007 4117 1073 4206 77).

736 4233 779 4322 (6.
795 4234 912 4320 Aprilis
930 4233 1040 4324 1525).

348 4393 448 4460 Dela
471 4393 615 4461 voluntad
637 4415 657 4480 p
680 4393 769 4462 deseo
792 4415 851 4481 que
874 4397 1005 4481 siempre
1027 4396 1173 4465 havemos
1194 4397 1297 4466 teuido
1320 4398 1357 4466 de
1379 4399 1515 4484 emplear

258 4511 364 4576 nostra
385 4528 513 4594 persona
535 4531 554 4596 y
578 4511 695 4595 hrerqas
719 4514 824 4580 contm
846 4513 892 4580 los
916 4514 1073 4600 enemigos
1096 4516 1133 4581 de
1155 4520 1260 4583 nostra
1284 4517 1390 4583 sancta
1413 4515 1441 4582 se
1456 4536 1515 4584 nos
