3396 5090
758 303 1003 374 -158-

252 501 363 572 lectam
384 519 452 570 esse
474 499 672 568 arbitraretur
695 501 732 568 ud
756 521 848 586 quam
870 502 927 570 hoe
950 503 1073 568 tentum
1095 500 1185 567 decus
1208 499 1385 584 perveniret,
1408 497 1502 585 profi-

252 619 379 688 absenti
400 618 440 684 acl
461 619 493 684 te
514 617 660 684 mandata
682 617 714 683 et
736 617 966 684 commissiones
989 619 1109 684 nostras
1132 615 1329 683 traderemus.
1375 615 1422 681 De
1443 632 1503 699 quo

251 736 374 804 bomine
396 733 540 820 quoniam
562 733 591 798 is
613 732 701 800 nobis
723 732 903 800 notissimus
925 735 974 800 est
995 736 1026 799 et
1045 732 1129 799 domi
1150 734 1272 798 nostrae
1294 732 1379 798 omni
1402 729 1502 798 studio

250 851 519 920 coniunctissimus
541 849 574 916 in
596 867 656 932 qua
677 849 744 932 ipsa
765 849 897 915 aetatem
913 849 975 916 iere
997 850 1107 933 eregit,
1126 867 1289 933 possumus
1305 867 1410 914 verum
1432 848 1503 913 tuac

252 971 328 1034 sertt
346 965 559 1034 testimonium
580 963 660 1044 dare,
683 966 714 1030 et
735 963 873 1032 doctrina
887 985 959 1032 eum
981 967 1013 1032 et
1026 965 1153 1032 consilio
1175 965 1315 1049 precipue
1338 963 1445 1041 velera
1468 980 1502 1027 eo

251 1103 360 1169 genere
382 1085 484 1150 autem
506 1080 668 1148 oriundum
691 1099 727 1147 er
748 1098 808 1164 quo
830 1081 929 1146 clarae
951 1082 1114 1148 memoriae
1136 1081 1288 1166 principes
1310 1099 1346 1144 ac
1367 1079 1501 1162 impera-

251 1202 341 1278 tores¹
355 1199 430 1266 olim
445 1196 742 1280 Constantinopolim
757 1199 848 1281 atque
871 1196 948 1263 illud
961 1197 1125 1281 imperium
1149 1197 1319 1272 tenuerunt,
1342 1194 1443 1262 studio
1458 1194 1503 1258 ita

252 1315 394 1396 affectum
422 1312 599 1381 cbrtstianis
628 1311 718 1380 rebus
741 1313 774 1378 et
803 1313 897 1380 saluti
919 1331 954 1378 ac
983 1313 1157 1380 liberationi
1184 1313 1302 1396 patriae
1331 1329 1403 1376 suae
1425 1328 1503 1395 quae

234 1435 340 1522 ¹vetus
362 1432 417 1496 illa
440 1432 471 1495 et
492 1428 604 1494 nobilis
630 1425 738 1494 Gracia
761 1429 817 1508 est
846 1430 882 1494 ut
903 1448 1059 1513 nunquam
1081 1429 1235 1495 destiterit
1256 1427 1354 1512 quoad
1382 1427 1502 1492 licitum

251 1549 311 1614 fuit
332 1546 412 1632 apud
435 1562 639 1631 quoscumque
667 1543 750 1628 loqui
772 1545 801 1610 ei
823 1545 883 1610 fuit
912 1543 1018 1610 datum
1041 1546 1156 1611 instare
1179 1564 1300 1612 monere
1330 1561 1445 1628 urgere,
1469 1543 1503 1607 ut

251 1663 392 1732 civilibus
407 1663 488 1727 inter
510 1659 693 1726 christianos
709 1659 798 1726 bellis
821 1660 954 1740 omissis,
977 1659 1056 1726 illud
1070 1659 1187 1726 bellum
1209 1661 1372 1746 gererem,
1395 1659 1429 1724 in
1444 1677 1502 1742 quo

251 1800 311 1848 uno
325 1781 444 1846 vincere
458 1777 629 1863 preclarum
650 1776 682 1841 et
703 1775 881 1860 gloriosum
903 1776 985 1844 vinci
999 1795 1069 1844 varo
1090 1795 1147 1844 nec
1160 1779 1249 1862 turpe
1271 1795 1327 1843 nec
1340 1774 1502 1842 exitiosum

251 1898 340 1977 esset,
363 1911 510 1978 cumpro
532 1890 654 1957 Christo
677 1891 808 1957 Domino
837 1891 1045 1958 militantibus
1067 1911 1151 1959 mors
1172 1892 1335 1976 optabilior
1357 1911 1423 1959 esse
1446 1890 1500 1957 de·

252 2015 323 2081 beet
345 2031 438 2098 quam
460 2009 494 2075 in
516 2007 606 2075 bellis
629 2025 706 2092 quae
729 2025 748 2072 a
770 2005 894 2106 Christo
922 2009 1023 2075 aliena
1046 2009 1118 2074 sunt
1139 2009 1274 2076 victoria.
1320 2007 1501 2093 Quanquam

250 2129 284 2196 in
306 2129 363 2194 boc
384 2125 465 2192 bello
487 2125 521 2190 in
543 2142 602 2208 quo
624 2143 726 2189 rorum
749 2122 985 2189 christianarum
1009 2124 1093 2190 salus
1115 2126 1147 2190 et
1169 2124 1367 2209 amplificatio
1391 2141 1499 2208 propo·

250 2244 341 2322 nitur,
364 2261 419 2308 nee
442 2241 479 2306 de
509 2239 634 2305 victoria
656 2257 712 2303 nee
734 2239 771 2304 de
793 2241 891 2324 gloria
919 2241 950 2304 te
973 2239 1047 2307 tuce
1070 2243 1101 2306 et
1122 2243 1251 2321 auctore,
1275 2241 1303 2307 ai
1324 2245 1355 2306 te
1377 2242 1500 2306 ineam

249 2357 467 2446 cogitationem
488 2354 661 2434 contuleris,
690 2357 738 2420 est
766 2353 977 2423 dubitandum.
1038 2354 1123 2436 Quod
1153 2375 1223 2423 cum
1252 2375 1308 2422 nos
1339 2354 1501 2440 aliquando

249 2475 346 2548 oeubs
367 2489 512 2558 usurpare
534 2473 565 2538 et
587 2471 673 2538 tanto
695 2469 757 2536 frui
777 2470 888 2554 gaudio
911 2471 1073 2555 possimus,
1096 2471 1263 2557 duplexque
1284 2473 1319 2538 in
1340 2469 1447 2538 eedem
1469 2487 1501 2536 re

250 2589 431 2658 beneficium
453 2587 492 2654 ab
515 2586 721 2670 omnipotente
735 2585 800 2652 Deo
823 2587 964 2670 accipere,
988 2588 1023 2652 ut
1044 2588 1076 2654 et
1090 2588 1187 2672 ipsius
1210 2607 1321 2655 nomen
1342 2607 1378 2654 ac
1392 2587 1500 2654 catlro-

250 2707 343 2772 licam
357 2703 449 2772 fidem
472 2705 594 2768 auctam
608 2703 866 2786 propagatamque
880 2702 1047 2782 vidmmus,
1070 2705 1101 2771 et
1116 2706 1155 2770 ab
1177 2723 1212 2770 eo
1228 2704 1365 2789 principe
1379 2707 1501 2770 auctum

251 2821 301 2888 cui
322 2820 403 2886 nibil
424 2819 472 2884 est
494 2819 559 2884 tem
575 2817 707 2883 sublime
728 2819 819 2902 atque
841 2818 980 2901 amplum
995 2818 1075 2902 quod
1096 2837 1157 2886 non
1175 2819 1260 2886 omni
1281 2819 1391 2886 affectu
1405 2819 1502 2887 animi

251 2937 358 3004 adesse
380 2937 470 3018 atque
485 2933 604 3000 evenire
626 2931 799 3016 cupiamus;
822 2932 862 2999 aut
876 2933 933 2998 bes
947 2933 1044 3017 igitur
1065 2935 1131 3000 tam
1146 2935 1264 3002 nobiles
1286 2937 1318 3002 et
1330 2937 1501 3020 praeclaras

252 3051 452 3137 cogitationes
474 3049 629 3116 hominem
659 3047 814 3114 mittimus
838 3068 956 3115 summe
978 3051 1085 3132 aptum
1108 3069 1143 3116 ac
1165 3050 1317 3131 idoneum,
1347 3052 1401 3136 qui
1421 3052 1501 3118 vires

252 3167 438 3252 consiliaque
459 3165 604 3243 hostium,
633 3164 688 3248 qui
709 3163 810 3232 studia
832 3183 868 3230 ac
890 3165 1063 3230 voluntates
1085 3165 1208 3232 illorum
1237 3167 1417 3250 populomm
1439 3167 1501 3232 im·

253 3283 362 3368 primis
384 3281 594 3364 noviterque
622 3281 724 3362 potest
746 3283 824 3346 sorti
848 3281 920 3346 tuae
948 3280 1195 3347 commodissime
1217 3282 1373 3367 explicaro.
1419 3280 1503 3362 Quae

254 3399 282 3464 si
304 3403 400 3466 ser.tua
422 3399 476 3465 tua
498 3398 586 3480 grate
608 3413 643 3460 ac
665 3395 840 3462 humaniter
861 3397 1019 3479 exceperit
1042 3415 1078 3462 ac
1099 3415 1170 3461 cunr
1192 3415 1227 3463 eo
1250 3397 1413 3464 sorbuerit
1427 3415 1503 3482 quae

253 3517 327 3581 sunt
348 3511 387 3578 ad
409 3511 530 3578 tentum
554 3511 714 3596 negocium
736 3512 912 3595 opportuna
935 3509 1085 3594 fidemque
1107 3513 1156 3578 illi
1178 3515 1292 3579 certam
1321 3513 1502 3592 adbibuerit,

254 3629 414 3714 eognoscat
443 3645 475 3693 se
497 3645 559 3694 non
581 3627 680 3693 solum
709 3627 876 3692 maximam
898 3644 933 3693 er
962 3627 1019 3692 boc
1048 3626 1171 3694 bomine
1192 3629 1368 3708 utilitatem,
1399 3647 1503 3695 verum

253 3745 347 3810 etiam
370 3743 501 3827 gloriam
524 3761 643 3826 sperare
665 3761 762 3826 posse,
783 3742 874 3825 idque
895 3744 931 3806 ut
946 3741 1039 3807 imiat
1059 3743 1147 3808 illam
1170 3761 1361 3827 summopere
1382 3745 1416 3810 in
1437 3743 1502 3810 Dc·

256 3861 339 3926 mino
368 3873 533 3944 precamur.
585 3858 701 3924 Datum
724 3857 839 3924 Romae
862 3859 917 3923 etc.
947 3857 998 3924 die
1020 3859 1112 3924 xviiii.
1135 3857 1223 3924 Junii
1246 3857 1364 3926 mrlrxv.
1415 3861 1504 3926 Anno

255 3975 393 4042 secundo.

344 4206 483 4272 Andreae
512 4205 652 4290 Ungenis
680 4205 860 4290 provinciali
889 4203 1070 4272 Gemanica
1105 4205 1257 4273 interioris
1287 4209 1319 4272 et
1346 4207 1437 4274 Petro
1468 4207 1505 4274 de

256 4321 449 4408 Nouimagio,
472 4325 504 4388 et
526 4318 693 4388 Guillelmo
715 4322 754 4387 de
767 4320 861 4388 Alton
883 4320 998 4386 ordinis
1021 4319 1243 4406 predicatorum
1265 4360 1309 4370 —
1331 4325 1366 4388 ut
1387 4323 1508 4406 possint

257 4438 413 4505 absolvere
435 4437 624 4504 Lutheranos
647 4437 866 4520 resipiscentes.
891 4474 934 4484 -
956 4437 1044 4504 Junii
1066 4457 1110 4504 rr.
1156 4437 1245 4504 Anno
1268 4440 1303 4503 ut
1325 4457 1423 4522 supra.
