3396 5090
705 269 948 382 ..201-

198 513 226 580 si
247 511 346 580 labori
374 513 406 580 ot
428 509 631 580 sollicitudini
652 511 776 578 nosbrae
797 509 987 577 desideratus
1009 507 1110 574 adhuc
1132 507 1258 574 euentus
1280 503 1378 572 demit
1399 501 1449 569 id-

198 629 277 696 oiroo
306 627 410 695 minus
439 628 546 714 gratas
576 627 711 694 actiones
733 627 854 694 nostras
877 626 941 693 Deo
971 623 1173 709 omnipotenti
1202 641 1269 690 esso
1291 619 1451 698 credimus,

198 745 251 830 qui
273 747 322 811 est
344 746 495 811 somtator
516 742 653 810 cordium
674 742 893 827 hominumque
915 742 996 808 facta
1018 743 1050 806 et
1071 739 1173 807 animo
1196 758 1257 806 uon
1279 738 1318 805 ab
1341 736 1449 803 eventu

198 860 349 926 aestimat.
396 857 456 926 Sed
471 858 582 926 accidit
595 878 680 944 pene,
703 859 836 926 multum
850 859 1044 944 gementibus
1058 857 1156 936 nobis,
1179 856 1214 921 ut
1228 873 1284 922 nos
1306 851 1360 939 qui
1374 850 1451 917 ahos

199 975 238 1042 ad
259 994 366 1060 paoem
388 974 603 1042 animabamus
632 973 671 1040 ad
693 992 779 1040 arma
801 974 862 1059 ipsi
892 974 1089 1040 traheremur.
1134 972 1255 1039 Ducatu
1276 969 1359 1036 enirn
1381 965 1449 1032 Me·

199 1090 314 1158 diolaui
335 1109 390 1175 per
411 1090 570 1157 ministros
592 1089 627 1156 in
649 1091 741 1156 ltalia
764 1088 902 1157 Caesada
924 1089 986 1174 ipsi
1008 1089 1078 1156 duci
1100 1088 1202 1174 erepto
1224 1089 1256 1154 et
1279 1083 1451 1152 obedientia

199 1204 238 1271 ad
260 1224 434 1274 caesareum
456 1223 566 1293 nomen
596 1205 728 1288 reducta,
758 1226 829 1273 cum
851 1205 939 1292 gravi
968 1205 1137 1290 suspitione
1159 1223 1220 1272 uno
1241 1221 1312 1270 oum
1342 1199 1451 1268 ceteris

199 1321 408 1408 potentatibus
423 1321 533 1388 Italiae
555 1321 687 1407 perculsi
701 1341 839 1390 essemus
861 1341 900 1390 ne
914 1323 972 1390 hoc
993 1324 1075 1389 esset
1093 1321 1171 1389 vello
1194 1319 1372 1388 servitutem
1386 1317 1449 1384 im-

198 1456 308 1522 ponere
324 1437 440 1524 italiae,
464 1438 503 1505 ad
519 1457 555 1506 ea
569 1438 703 1506 remedia
725 1437 976 1524 confugiebamus
990 1436 1160 1504 necessario
1177 1455 1254 1521 quae
1278 1435 1343 1501 sola
1364 1433 1452 1500 amnt

198 1553 271 1638 apta
294 1553 332 1619 ad
354 1555 475 1620 unam
496 1555 663 1638 perniciem
687 1555 905 1639 depellendam,
928 1574 999 1621 cum
1014 1555 1047 1620 in
1070 1554 1137 1638 ipso
1159 1550 1306 1636 temporis
1322 1549 1450 1615 articqu

199 1669 283 1735 venit
305 1669 344 1735 ad
365 1688 420 1736 nos
436 1670 550 1737 missus
566 1688 585 1736 a
607 1668 734 1738 Caesam
749 1671 801 1737 dil
816 1670 859 1736 lil
875 1669 1102 1737 commendator
1124 1669 1252 1736 Horrera
1268 1686 1338 1732 cum
1359 1683 1450 1729 man·

199 1785 280 1850 datis
304 1788 334 1852 et
348 1786 462 1852 litteris
485 1786 596 1871 quibus
611 1788 713 1871 ample
735 1786 772 1853 de
795 1787 912 1870 optima
926 1786 1083 1852 voluntate
1099 1783 1236 1851 Caesaris
1259 1801 1331 1868 erga
1346 1799 1452 1866 pacem

199 1905 231 1966 ot
252 1901 427 1967 libertatem
442 1900 551 1968 Italiae
566 1902 654 1968 nobis
670 1901 909 1987 significabatur.
955 1899 1021 1982 Quo
1036 1901 1145 1968 nuncio
1160 1899 1296 1976 recreati,
1310 1896 1452 1964 continuo

201 2016 380 2100 scripsimus
403 2016 443 2082 ad
465 2015 625 2084 Caesarem
655 2037 748 2084 manu
770 2024 876 2084 nostra
904 2019 1033 2098 litteras,
1057 2018 1146 2083 illum
1169 2015 1287 2084 enixius
1309 2014 1452 2099 rogantes

198 2135 234 2197 ut
255 2133 426 2199 consuleret
447 2133 556 2199 Italiam
578 2132 729 2218 iidemque
752 2153 840 2200 suam
862 2135 1038 2219 praestaret
1062 2153 1153 2218 quam
1169 2133 1206 2198 de
1228 2129 1453 2198 christianitate

199 2251 347 2332 quantum
371 2249 486 2333 inipso
509 2253 574 2316 erat
589 2249 737 2333 placanda
760 2250 900 2316 sturmis
923 2248 1068 2316 adversus
1083 2249 1221 2316 infideles
1244 2243 1453 2314 convertendis

199 2364 312 2429 totiens
335 2365 523 2442 ostenderat3
555 2367 646 2450 atque
669 2367 703 2431 ut
724 2367 799 2432 haee
828 2366 997 2451 expeditius
1026 2368 1153 2451 gereret
1182 2363 1353 2431 institimus
1383 2379 1451 2426 ma-

199 2499 331 2565 gnopere
353 2484 389 2547 ut
403 2500 507 2566 regom
530 2482 822 2549 christianissimum
837 2482 975 2552 honestis
990 2501 1060 2548 cum
1083 2481 1306 2549 conditionibus
1321 2479 1453 2544 liberum

200 2596 319 2677 faceret,
342 2599 536 2683 utereturque
551 2598 763 2684 magnitudine
787 2619 842 2664 sua
856 2600 890 2665 in
911 2599 1095 2684 ignoscendo
1116 2598 1219 2684 potius
1241 2614 1334 2682 quam
1349 2592 1451 2661 vindi·

198 2709 301 2778 cando
340 2712 458 2779 Harum
473 2712 656 2797 petitionum
671 2714 703 2779 et
716 2734 840 2799 precum
855 2716 1029 2782 nostrarum
1052 2714 1145 2782 donec
1163 2731 1337 2797 responsum
1354 2709 1450 2777 habe·

199 2846 301 2894 remus
324 2827 451 2895 duorum
474 2828 628 2895 mensium
649 2830 773 2916 tempus
795 2849 865 2896 oum
888 2831 955 2916 ipso
973 2829 1217 2898 commendatore
1232 2829 1363 2896 Herrera
1377 2843 1450 2891 con-

199 2941 354 3010 clusimus.
399 2945 500 3030 Atque
522 2944 596 3010 haec
619 2963 674 3011 nos
696 2946 753 3013 hoc
781 2946 925 3014 fidentius
948 2947 1170 3032 postulavimus
1201 2943 1281 3029 quod
1311 2941 1452 3008 novimus

199 3068 305 3124 sau*em
326 3061 413 3125 tuam
434 3078 489 3144 pro
520 3079 576 3126 soa
605 3060 755 3146 singulari
777 3062 889 3130 obtuto
920 3064 952 3130 et
974 3062 1124 3148 sapientia
1155 3062 1189 3128 in
1210 3061 1331 3128 hisdem
1360 3061 1451 3128 rebus

199 3173 279 3259 apud
294 3173 453 3242 Gaesarem
468 3177 665 3260 procurandis
688 3178 850 3259 elaborare,
872 3179 933 3245 uit
954 3179 1037 3247 enim
1059 3179 1118 3246 tibi
1133 3198 1253 3264 sempor
1267 3176 1451 3243 christianae

198 3291 381 3376 reipublicae
402 3310 461 3376 pas
476 3293 508 3359 et
529 3291 640 3359 Italiae
661 3312 697 3359 ao
712 3293 802 3360 lruius
816 3294 958 3380 precipuo
973 3293 1043 3362 scae
1059 3293 1146 3362 Sedis
1170 3295 1252 3360 salus
1269 3295 1301 3361 et
1314 3291 1451 3378 dignitas

198 3406 295 3485 cordi3
319 3425 535 3494 speramusque
558 3410 610 3476 tua
632 3409 786 3494 imprimis
809 3411 988 3479 crebritate
1009 3411 1140 3493 adiutos,
1162 3429 1218 3478 nos
1240 3408 1357 3496 aliquid
1379 3407 1451 3474 boni

198 3523 296 3607 operis
319 3523 485 3590 effecturos.
531 3521 599 3605 Sed,
623 3523 687 3592 sivo
702 3525 741 3592 ad
764 3526 949 3612 aequitatem
972 3529 1003 3593 et
1025 3527 1178 3594 iustitiam
1197 3524 1306 3593 Caesar
1328 3526 1394 3611 ipss
1417 3543 1449 3591 se

197 3637 314 3705 dederit
336 3639 408 3718 sive,
430 3639 510 3725 quod
532 3659 593 3707 non
615 3641 775 3722 credimus,
798 3641 832 3709 in
853 3643 965 3710 ducatu
987 3643 1154 3710 Mediolani
1176 3642 1348 3729 occupando
1376 3662 1446 3727 per·

198 3754 320 3836 stiterit
345 3757 502 3841 utriusque
524 3757 671 3842 temporis
693 3760 724 3827 et
746 3759 867 3826 consilii
881 3761 978 3827 nostri
1002 3779 1123 3827 summa
1146 3780 1215 3846 spos
1238 3761 1270 3829 et
1290 3758 1401 3827 fiducia
1416 3760 1450 3826 in

198 3873 269 3936 tuae
291 3875 381 3936 ser.tis
400 3889 455 3956 ope
470 3871 582 3939 auxilio
604 3873 765 3957 prudentia
779 3875 880 3960 posita
902 3878 964 3953 est;
988 3875 1015 3942 si
1036 3894 1095 3961 pax
1117 3878 1148 3944 et
1167 3876 1251 3962 quies
1274 3876 1377 3943 futura
1391 3878 1448 3956 est

197 3983 416 4070 dignissimum
444 3987 500 4055 illa
528 3989 681 4056 auctorem
711 3990 870 4058 nobiscum
899 4011 960 4059 una
983 3997 1088 4060 ser.tem
1110 3994 1197 4059 tuam
1226 3992 1370 4060 habitura
1392 3994 1448 4059 ost.
1500 4023 1504 4030 ·

199 4095 241 4180 si,
263 4099 343 4185 quod
371 4101 455 4168 Deus
477 4105 603 4182 auertat
627 4104 707 4172 bello
722 4107 891 4174 necessario
913 4107 1005 4174 Italia
1027 4109 1274 4188 tumultuabitur,
1297 4109 1336 4176 ad
1358 4127 1446 4194 opem

196 4214 228 4281 et
241 4213 395 4283 iustitiam
409 4217 496 4283 tuam
510 4219 755 4306 confugientibus
770 4221 837 4302 erit
851 4224 886 4289 ut
901 4222 1090 4304 confidimus,
1105 4225 1248 4309 paratum
1263 4225 1353 4292 solito
1363 4243 1446 4291 more

196 4329 267 4396 tuae
281 4331 429 4415 pristinae
445 4333 608 4417 aequitatis
623 4335 695 4422 iugo
709 4335 905 4421 praesidium.
936 4337 1024 4419 Quod
1038 4355 1094 4405 nos
1110 4342 1195 4408 tuam
1212 4347 1315 4407 ser.tam
1331 4342 1445 4425 quanto

196 4462 357 4528 possumus
382 4447 483 4516 studio
505 4449 601 4516 animi
623 4451 709 4518 enine
731 4471 874 4538 rogamus
897 4455 929 4522 et
951 4453 1146 4544 deprecamur
1167 4457 1203 4522 ut
1225 4455 1369 4528 mantis
1391 4475 1443 4532 oc·
