3396 5090
691 301 934 368 -236-

183 495 238 562 illo
256 494 371 562 nostris
393 495 425 562 et
446 515 482 562 ox
504 495 570 564 eius
591 495 704 563 litteris
733 497 869 564 noemam
893 497 1066 564 benivolam
1088 499 1119 564 et
1141 497 1180 566 ad
1201 498 1360 568 commoda
1382 499 1436 566 tum

183 630 253 677 cum
276 609 388 678 honore
410 612 513 677 nostro
536 611 745 697 coniungenda
759 629 941 697 propensam
956 613 1145 681 voluntatem
1161 612 1323 699 intelliges.
1369 616 1433 681 Ro·

185 745 252 794 mae
275 727 325 793 xii.
343 726 422 794 Julii
444 727 574 794 mdxxvi
619 728 708 796 Anno
731 729 829 796 tertio.

273 959 352 1044 Regi
374 959 638 1028 christianissimo.
655 999 698 1008 -
714 962 760 1028 De
781 961 830 1028 Jo.
854 960 1011 1046 Staphileo
1035 961 1073 1027 ad
1096 963 1255 1029 eculeum
1271 963 1435 1031 Dolensem

183 1075 394 1162 promovendo,
417 1076 480 1144 loco
496 1077 651 1144 Francisci
673 1077 709 1146 de
725 1079 840 1146 Invell.
886 1079 942 1144 xiv.
957 1078 1037 1145 Julii
1052 1078 1182 1146 mdrrvi
1228 1080 1316 1145 Anno
1336 1079 1435 1145 tertio.

777 1340 848 1406 181.

692 1507 926 1567 Helvetiis.

273 1660 386 1729 Dileeti
401 1661 467 1728 filii.
497 1660 718 1728 Existimemns
734 1661 944 1728 devehonibns
960 1662 1070 1728 vestris
1085 1661 1224 1748 cognitas
1246 1681 1313 1730 esse
1328 1681 1435 1730 causam

183 1799 261 1866 quae
283 1799 347 1858 nos,
370 1779 504 1846 multum
526 1778 710 1844 reluctantes
732 1780 764 1844 et
778 1779 817 1844 ab
840 1778 924 1844 omni
946 1796 1101 1846 armorum
1117 1778 1242 1846 consilio
1263 1779 1355 1865 longe
1378 1780 1435 1847 ab·

184 1896 349 1976 horrentes,
372 1895 412 1962 ad
426 1895 493 1980 ipsa
508 1897 612 1960 brnen
635 1894 709 1961 belli
723 1895 850 1962 consilia
873 1913 950 1980 quae
965 1895 1158 1980 fugiebamus
1173 1895 1343 1962 necessaria
1361 1896 1436 1963 ade·

184 2013 302 2098 gerunt.
346 2011 429 2078 Nam
452 2013 484 2078 et
506 2030 524 2078 a
546 2012 660 2078 nostris
682 2014 714 2078 st
736 2031 754 2077 a
777 2015 868 2078 cur.mi
885 2012 917 2078 in
937 2010 1059 2079 Chusto
1081 2011 1139 2078 filii
1162 2013 1260 2079 nostri
1281 2013 1438 2080 Francisoi

184 2129 265 2214 ragis
280 2129 463 2194 lhancornm
479 2127 730 2194 christianissimi
744 2128 906 2212 agentibus
921 2130 953 2196 st
967 2128 1096 2208 nunciis,
1111 2147 1164 2196 vos
1180 2129 1256 2196 bene
1270 2129 1436 2196 instructos

184 2244 278 2312 luisse
301 2263 362 2310 non
384 2244 576 2322 dubitamus3
600 2243 679 2328 qnod
702 2244 796 2311 etiam
819 2245 930 2310 certius
955 2245 1045 2312 nobis
1067 2245 1116 2310 est
1138 2243 1218 2329 quod
1239 2245 1306 2330 ipso
1329 2244 1437 2314 effectu

183 2359 401 2446 cognoscimus,
424 2359 510 2426 vohis
526 2378 587 2426 non
610 2359 710 2427 solum
725 2359 846 2427 aulius
870 2359 1035 2427 sedebam
1057 2361 1202 2444 probatas
1217 2360 1313 2428 fuisse
1328 2380 1436 2428 opums

182 2476 374 2544 necessitatis
397 2477 526 2542 nostrae.
572 2477 617 2542 Ea
640 2476 723 2542 enim
750 2476 922 2544 animumn
951 2477 1192 2562 promptitudine
1223 2495 1257 2543 eo
1287 2495 1435 2544 consensu

184 2594 376 2661 voluntatum
398 2593 486 2659 nohis
510 2595 541 2659 et
563 2591 629 2658 sedi
651 2593 834 2676 apostolicae
861 2611 897 2659 ac
920 2593 1014 2658 saluti
1036 2595 1068 2660 et
1089 2593 1227 2660 libertati
1249 2594 1359 2662 Italiae
1382 2614 1434 2660 ve-

183 2713 280 2778 stram
302 2729 390 2794 opem
413 2708 618 2794 auxiliumque
633 2709 799 2789 obtunsus,
821 2710 857 2774 ut
879 2709 1013 2776 invehis
1035 2709 1200 2793 pristinam
1222 2711 1356 2778 vestram
1371 2711 1434 2776 vir·

183 2827 335 2894 tutemet
363 2845 434 2891 cum
463 2824 568 2891 eadem
597 2822 708 2891 Sanmc
732 2823 808 2891 Sede
837 2825 1082 2893 coniunctionem
1111 2844 1323 2912 recognoscere
1344 2827 1437 2894 fuerit

182 2943 308 3010 licitum.
354 2941 445 3008 Nunc
459 2942 534 3008 haec
556 2941 595 3007 ad
610 2961 663 3008 vos
687 2941 848 3009 scribimus
862 2943 931 3008 tum
953 2943 988 3007 ut
1010 2961 1139 3026 agamus
1155 2943 1241 3009 vobis
1264 2943 1434 3026 prostadis

181 3059 281 3126 vestro
297 3077 370 3144 erga
384 3059 498 3124 bonum
507 3056 615 3124 Italiae
630 3057 757 3142 gratias,
772 3060 840 3124 tum
855 3059 890 3124 ut
904 3059 1061 3125 hortemur
1074 3060 1111 3124 ut
1124 3058 1206 3143 quod
1219 3057 1390 3126 iustissime
1405 3060 1436 3125 et

182 3174 419 3260 prudentissime
435 3173 549 3240 asebis
558 3173 760 3241 dileheratum
771 3176 827 3253 est
841 3173 874 3240 in
883 3175 1002 3259 partem
1010 3174 1107 3242 huius.
1113 3175 1144 3240 et
1158 3174 1258 3241 oneris
1273 3175 1436 3242 ethonoris

183 3291 283 3357 venire
299 3310 391 3374 quum
408 3290 541 3374 primum
557 3289 714 3356 studeatis.
740 3287 826 3370 Quod
843 3289 977 3357 studiose
987 3292 1149 3374 utrumque
1164 3290 1303 3369 facimus,
1318 3309 1391 3358 nam
1406 3293 1437 3357 et

184 3407 279 3472 virtus
293 3410 395 3473 vestra
411 3406 545 3490 gratiam
561 3407 676 3472 anobis
691 3405 801 3471 merite
817 3406 873 3484 eet,
889 3407 920 3471 et
931 3405 1034 3472 eedem
1046 3406 1239 3472 conficiendis
1249 3407 1325 3474 bens
1340 3406 1435 3491 ceptis

182 3524 271 3590 rebus
287 3521 451 3588 admodum
467 3522 686 3606 estexpectata.
711 3518 797 3601 Quod
814 3522 840 3586 si
850 3521 980 3589 velimus
996 3523 1112 3588 bellum
1128 3522 1207 3606 quod
1222 3541 1276 3608 pro
1291 3524 1436 3589 nostrast

182 3639 252 3705 sue
268 3637 354 3704 Sedis
370 3637 552 3721 apostolicas
568 3637 740 3716 securitate,
758 3655 812 3721 pro
828 3637 1008 3704 liberatione
1024 3640 1055 3704 et
1070 3639 1169 3705 salute
1184 3639 1302 3718 Itnliee,
1316 3657 1371 3724 pro
1381 3638 1435 3706 de-

182 3753 320 3838 pellenda
333 3753 446 3820 iniuria
455 3755 603 3837 quantum
618 3752 651 3818 in
660 3753 749 3819 nobis
764 3753 822 3820 erit
831 3773 908 3837 quse
918 3751 1090 3837 supradicto
1105 3753 1170 3839 regi
1179 3753 1436 3822 christianissimo

181 3871 314 3937 foderato
329 3871 433 3936 nostro
456 3871 487 3935 et
501 3869 590 3935 illato
605 3871 695 3935 antee
710 3871 758 3936 eet
772 3870 804 3936 et
819 3889 899 3935 nnnc
913 3869 1050 3949 infertur,
1074 3871 1272 3955 suscepimus,
1288 3871 1381 3938 etiem
1398 3869 1436 3935 ad

182 3984 459 4054 seehemettotius
468 3986 560 4052 istius
575 3984 762 4053 fortissimae
772 3985 918 4069 nobisque
928 3985 1147 4052 dilectissimae
1161 3986 1295 4054 nationis
1305 3987 1435 4053 sunum

181 4105 212 4170 et
227 4101 422 4170 securitatem
437 4103 613 4188 susceptum
628 4101 724 4168 fuisse
738 4101 903 4180 scandere,
928 4101 1017 4168 facile
1032 4101 1064 4168 iel
1078 4101 1201 4186 quidem
1218 4102 1268 4182 sit
1290 4102 1331 4168 iis
1353 4102 1435 4168 enim

180 4219 233 4303 qui
248 4218 348 4285 aliena
362 4217 492 4302 imperia
510 4219 541 4284 et
557 4219 657 4284 status
673 4219 739 4283 tam
754 4217 886 4284 libenter
900 4217 932 4284 et
946 4219 1012 4284 turn
1026 4217 1115 4285 facile
1130 4218 1342 4304 opprimebant
1357 4217 1434 4284 sibi-

181 4355 238 4419 que
254 4333 444 4418 usurpabant
458 4352 517 4417 quo
533 4335 631 4402 maior
644 4333 872 4418 relinquebatur
887 4333 1017 4400 faenus
1033 4333 1112 4420 quod
1121 4334 1263 4401 solebant
1277 4332 1436 4411 afficiendi,

179 4451 236 4518 hoc
251 4449 290 4516 ud
306 4450 394 4538 plura
410 4450 442 4516 et
463 4448 578 4516 maiora
596 4468 723 4536 semper,
738 4448 969 4535 opprimendum
988 4448 1091 4516 aditus
1109 4449 1290 4517 struebatur.
1336 4449 1434 4516 nucu
