3400 5088
784 344 1005 408 „74-

267 535 435 601 commodis
458 536 489 600 et
511 536 739 601 calamitatibus
770 538 835 603 erat
864 537 979 604 vexata.
1024 537 1131 620 Itaque
1153 539 1226 602 tunc
1254 537 1381 620 patemo
1411 536 1520 602 affectu

268 651 428 735 studioque
451 651 542 716 moti:
566 651 780 718 mandavimus
796 651 906 718 dilecto
928 650 992 718 filio
1014 654 1118 718 nostro
1141 653 1304 718 Laurentio
1328 652 1374 718 tit.
1398 655 1520 718 sanctae

268 767 450 832 Anastasiae
474 764 503 831 S.
519 767 555 835 R.
571 767 604 832 Ε.
627 768 803 852 presbytero
825 768 973 866 cardinali
995 769 1098 834 nostro
1120 769 1152 833 et
1167 766 1254 835 Sedis
1277 769 1459 853 apostolieae
1482 768 1520 835 de

267 883 362 950 latere
383 882 501 968 legato,
530 884 566 949 ut
595 883 674 948 nihil
704 903 792 950 curae
813 884 986 968 laborisque
1016 884 1171 951 omitteret
1199 904 1252 968 pro
1283 885 1458 951 reducendis
1481 883 1521 950 ad

268 1018 372 1064 verum
395 997 454 1064 Dei
476 999 593 1064 cultum
617 999 813 1083 sanctamque
835 1001 867 1065 et
882 999 1032 1066 sinceram
1054 999 1146 1066 fidem
1161 998 1277 1066 Olrristi
1299 999 1339 1065 iis
1361 1000 1414 1085 qui
1428 999 1518 1067 aber·

268 1116 395 1193 rassent
419 1135 454 1180 ao
473 1115 736 1198 circumspectioni
759 1134 875 1200 quoque
897 1110 970 1182 thee
993 1135 1116 1182 emnem
1138 1117 1169 1182 et
1183 1117 1306 1182 nostrae
1328 1115 1519 1182 auctoritatis

268 1231 299 1294 et
321 1229 427 1294 auxilii
449 1225 627 1315 consiliique
650 1230 699 1296 sui
720 1249 808 1315 opem
824 1230 944 1297 offerret
966 1233 1057 1315 atque
1071 1232 1256 1315 praestaret;
1279 1232 1358 1316 quod
1380 1234 1411 1297 et
1426 1231 1517 1298 illum

267 1344 374 1412 fecisse
397 1346 482 1411 omni
504 1363 572 1412 oum
589 1345 750 1430 diligentia
773 1347 896 1413 scimus.
942 1346 1019 1414 Cum
1042 1350 1145 1414 autem
1161 1367 1242 1414 nune
1264 1347 1427 1413 abeodem
1448 1366 1516 1412 cer·

267 1460 363 1526 dinali
392 1462 493 1546 legato
516 1464 619 1528 nostro
649 1463 887 1530 intellexerimus
911 1465 1015 1529 cirtem
1039 1465 1125 1530 tuam
1148 1465 1183 1529 ut
1205 1465 1318 1531 bonum
1340 1465 1371 1529 et
1393 1463 1518 1548 religio-

268 1596 337 1642 sum
361 1576 555 1656 sacerdotem,
579 1597 614 1644 ae
636 1579 869 1664 magnanimum
900 1581 931 1645 et
955 1598 1092 1645 severum
1121 1580 1290 1664 principem
1319 1580 1412 1658 decet
1442 1584 1531 1663 quo·'

266 1692 396 1758 rendam
411 1693 578 1760 amicorum
594 1694 625 1759 et
639 1695 879 1760 necessariorum
900 1695 1071 1786 principum
1092 1694 1203 1760 auxilio
1227 1711 1337 1779 speque
1353 1694 1518 1773 suffultam,

265 1809 441 1875 inst'tuisse
463 1809 599 1892 arpenn,
622 1810 734 1875 utilia
765 1829 858 1894 pravo
879 1829 1045 1894 paucorum
1075 1810 1201 1876 consilio
1225 1829 1243 1875 a
1265 1809 1325 1876 fide
1347 1810 1378 1876 et
1400 1811 1464 1876 Deo
1487 1811 1519 1874 et

184 1967 187 1972 -
266 1925 406 2009 episeopo
436 1942 490 1990 suo
512 1924 623 2004 debita,
656 1945 769 2004 auersa,
801 1926 840 1991 ad
863 1925 1015 1992 saniorem
1039 1927 1175 1992 mentem
1205 1925 1365 1991 reducatur
1393 1925 1517 1991 civitas:

266 2060 302 2106 ae
325 2040 353 2105 si
373 2042 518 2124 paternae
540 2039 728 2108 hortationes
751 2061 811 2108 non
834 2041 1000 2122 valuerint,
1031 2042 1192 2108 honestem
1214 2041 1263 2106 illi
1285 2042 1347 2106 rim
1370 2039 1520 2107 etiamst

265 2155 380 2221 iustam
395 2155 547 2235 adhihere,
573 2157 702 2240 profecto
717 2157 825 2224 laetati
839 2178 900 2223 non
915 2177 1024 2241 parum
1038 2157 1096 2223 hoc
1111 2157 1220 2223 nuncio
1237 2176 1351 2234 snmus,
1374 2157 1518 2239 tuamque

265 2272 299 2337 in
321 2290 355 2338 eo
377 2271 546 2356 plurimum
568 2274 599 2338 et
621 2273 767 2340 virtutem
790 2273 997 2340 collaudamus
1020 2276 1051 2338 et
1073 2271 1281 2356 prudentiam
1311 2273 1415 2337 cir.nan
1430 2271 1518 2336 tuem

265 2387 299 2453 in
321 2387 444 2453 domino
459 2388 545 2454 enixe
559 2389 726 2468 hortantes,
749 2392 784 2454 ut
799 2409 904 2473 capere
919 2391 951 2455 et
968 2389 1076 2472 exequi
1088 2387 1266 2454 huiusmodi
1281 2387 1408 2454 consilia
1424 2387 1518 2472 digna

267 2504 317 2568 tuo
340 2521 449 2587 genere
478 2506 510 2569 et
538 2503 594 2568 illa
628 2523 687 2588 qua
717 2523 750 2569 es
778 2504 935 2588 praeditus
964 2504 1116 2589 dignitate
1144 2523 1205 2570 non
1234 2505 1415 2588 postpones,
1443 2521 1516 2587 ope·

266 2637 390 2703 remque
419 2638 541 2685 omnem
571 2619 650 2698 dare,
682 2622 717 2685 ut
747 2640 823 2704 quae
853 2620 911 2687 tihi
941 2621 1122 2686 commissae
1145 2620 1266 2686 animae
1295 2621 1329 2685 in
1358 2619 1517 2685 interitum

264 2735 378 2800 abeunt
400 2755 500 2801 errore
522 2755 577 2802 suo
600 2737 835 2820 sempiternum,
858 2739 912 2802 tua
934 2737 1097 2821 vigilantia
1119 2737 1151 2801 et
1173 2737 1334 2804 severitate
1357 2735 1395 2802 ad
1417 2737 1517 2801 lucem

265 2850 419 2934 vitamque
442 2853 631 2928 revocentur;
655 2852 807 2917 nollemus
831 2853 909 2932 vim,
933 2852 960 2917 si
983 2851 1073 2918 aliter
1095 2851 1163 2917 fieri
1183 2854 1301 2940 posset:
1331 2849 1385 2917 sed
1407 2851 1434 2916 si
1456 2867 1517 2917 non

264 2968 379 3049 potest,
409 2969 509 3032 omn's
533 2967 579 3033 vis
602 2985 678 3051 quae
708 2968 840 3034 salutem
863 2966 950 3033 affert
980 2967 1020 3034 iis
1044 2967 1154 3052 quibus
1184 2967 1324 3033 adhibita
1346 2968 1402 3047 est
1431 2966 1517 3032 omni

266 3084 313 3148 est
342 3081 534 3166 indulgentia
562 3084 593 3148 et
622 3083 801 3148 remissione
838 3083 985 3160 sanction
1018 3083 1216 3168 quamohrem
1246 3101 1301 3148 nos
1331 3081 1454 3166 quidem
1483 3084 1519 3147 ut

266 3216 378 3281 magno
401 3198 504 3264 animo
527 3197 566 3263 ad
588 3198 620 3262 id
642 3217 718 3281 opus
740 3197 911 3282 ingrediare
932 3198 991 3263 tibi
1014 3201 1151 3263 auctores
1175 3217 1290 3279 sumus,
1313 3218 1348 3264 ac
1362 3200 1398 3264 ut
1412 3217 1518 3265 omnes

267 3313 333 3377 vias
355 3313 507 3396 experiare
531 3333 606 3397 quae
636 3312 777 3397 prodesse
799 3313 927 3396 possint,
958 3313 1162 3379 humanitatis
1185 3313 1307 3396 quidem
1329 3314 1464 3397 primum
1486 3314 1518 3378 et

266 3429 519 3509 ruansuetudinis‚
542 3448 577 3495 ec
600 3430 627 3494 si
655 3429 727 3494 illae
756 3447 816 3494 non
845 3429 1034 3512 profecerint
1064 3429 1158 3494 etiam
1189 3429 1369 3507 severitatis,
1398 3427 1518 3512 quando

267 3546 429 3630 utrumque
452 3546 576 3612 omniuo
598 3546 646 3610 est
668 3545 811 3611 claritas.
856 3546 901 3610 Ac
924 3565 979 3611 nos
1002 3546 1125 3629 quidem
1147 3545 1187 3611 ad
1209 3545 1344 3612 diversos
1365 3545 1518 3630 principes

267 3659 449 3726 Germaniae
471 3663 586 3726 amicos
601 3663 670 3725 tuos
693 3662 724 3726 et
739 3661 924 3727 necessarios
948 3660 1125 3736 scribimn:·=;
1148 3661 1305 3727 hortantes
1320 3679 1371 3727 eos
1387 3663 1418 3726 et
1433 3679 1516 3726 oom-

268 3778 434 3853 monentes
464 3779 499 3842 ut
527 3777 585 3842 tihi
615 3775 720 3840 adesse
749 3777 838 3841 firmo
867 3776 980 3842 auxilio
1009 3795 1258 3860 communemque
1288 3795 1413 3842 causam
1440 3775 1520 3840 tueri

267 3893 368 3957 tecum
392 3892 502 3968 relint3
533 3910 679 3976 suamque
709 3892 853 3956 virtutem
877 3894 908 3957 et
938 3911 1026 3976 opem
1056 3892 1258 3976 omnipotenti
1286 3891 1350 3958 Deo
1373 3893 1404 3958 et
1427 3891 1520 3956 saluti

269 4007 385 4090 patriae
416 4027 487 4074 suae
516 4008 549 4073 in
571 4008 626 4073 illa
657 4007 842 4074 excindenda
863 4008 1037 4074 Lutherene
1059 4009 1144 4092 peste
1174 4009 1251 4074 ferro
1283 4027 1317 4074 ac
1350 4008 1519 4092 praestare:

269 4123 349 4206 quod
372 4123 502 4188 tacturos
525 4125 606 4190 certe
629 4123 796 4200 eredimus;
827 4124 929 4208 agitur
952 4123 1034 4190 enim
1057 4123 1229 4190 nobilitatis
1252 4127 1283 4190 et
1305 4123 1466 4207 potesta-tis
1488 4123 1520 4187 et

270 4238 379 4304 salutis
402 4239 540 4304 omnium
569 4239 741 4324 principum
770 4257 862 4304 causa
884 4239 1063 4319 communis,
1093 4259 1169 4323 quae
1191 4240 1284 4304 etiam
1315 4258 1385 4304 cum
1407 4238 1520 4303 honore

268 4355 300 4419 et
322 4373 413 4420 eausa
436 4354 551 4420 summi
572 4355 631 4421 Dei
652 4355 812 4420 coniuncta
834 4355 897 4421 est:
926 4373 1001 4440 quos
1024 4356 1118 4422 etiam
1148 4375 1325 4440 cuperemus
1348 4353 1386 4420 ad
1417 4353 1519 4420 similo

269 4469 375 4537 foedus
404 4486 525 4551 omnes,
566 4489 601 4537 ac
629 4471 663 4537 in
691 4470 910 4558 Ratisponensi
940 4457 1089 4543 conventu
1117 4472 1199 4544 uter
1232 4471 1304 4542 illos
1332 4453 1520 4538 clarissimos
