3396 5090
782 381 827 393 -·
875 345 1026 414 198-

274 539 396 607 horrere
417 540 564 621 videatur,
594 539 648 607 ubi
670 542 774 608 autem
803 561 852 609 ros
874 543 977 609 vestra
1005 544 1127 628 publiea
1155 544 1236 612 nihil
1256 545 1399 626 moturae,
1430 563 1528 633 neque

275 654 452 722 detrimenti
466 657 626 740 aooeptura
649 656 699 737 sit
722 657 791 742 quis
806 676 868 725 non
888 659 1045 744 intelligat
1068 660 1182 726 famam
1198 660 1378 728 clementiae
1400 663 1432 730 ot
1446 662 1526 728 libe·

275 774 410 839 talitatis
434 793 452 839 a
474 774 562 840 vobis
584 773 678 840 etiam
701 774 900 858 expetendam
922 779 1012 842 esso?
1049 775 1127 843 Cum
1148 777 1330 862 praesertim
1351 777 1528 844 huiusmodi

275 889 365 973 plena
387 890 419 954 et
439 889 560 974 integra
575 889 729 956 restitutio
752 909 822 957 oum
840 893 959 958 ammos
981 891 1120 972 istorum,
1142 892 1196 979 qui
1217 893 1361 978 perpetuo
1385 911 1417 959 sa
1440 893 1527 959 robis

274 1005 437 1071 obstrictos
459 1007 582 1090 propter
604 1006 784 1074 beneficium
807 1007 970 1074 iudicaturi
993 1009 1073 1087 sunt,
1096 1009 1164 1074 tum
1179 1010 1365 1077 coeterorum
1388 1009 1527 1076 omnium

275 1121 327 1206 qui
351 1123 407 1188 sub
431 1123 531 1186 vestro
554 1121 670 1207 degunt
684 1123 821 1207 imperio,
844 1123 966 1191 nomine
989 1124 1055 1209 ipso
1070 1123 1267 1190 liberalitatis
1290 1123 1466 1190 devinctum
1484 1124 1527 1189 sit

276 1235 314 1303 ad
337 1255 472 1304 amorem
495 1239 526 1303 et
541 1238 722 1305 charitatem
745 1240 840 1306 rastri
862 1239 996 1304 nominis
1013 1239 1238 1324 sempiternam.
1283 1241 1328 1307 En
1350 1259 1409 1324 quo
1431 1239 1526 1306 etism

275 1353 343 1437 paoi
359 1354 390 1420 et
412 1353 507 1439 quieti
522 1355 640 1420 vestrae
663 1355 851 1431 consulebam
874 1355 941 1420 lieri
956 1355 1039 1421 enim
1061 1374 1122 1422 non
1144 1357 1246 1441 potest
1259 1356 1334 1441 quin
1348 1355 1458 1422 horum
1474 1355 1527 1441 qui

274 1469 379 1554 inopes
409 1469 555 1554 egenique
578 1470 731 1537 iactantur
753 1471 877 1537 miseria
907 1491 943 1537 ao
966 1471 1126 1538 calamitas
1155 1470 1236 1556 apud
1264 1470 1383 1537 animos
1413 1489 1528 1548 eorum,

273 1587 395 1670 propter
417 1605 492 1671 quos
514 1587 547 1652 in
575 1588 699 1653 tantum
720 1586 947 1654 incommodum
969 1587 1088 1655 uenisse
1117 1587 1285 1654 existimati
1308 1589 1387 1666 sunt
1409 1585 1527 1671 aliquid

274 1701 409 1786 patiatur
431 1701 606 1769 offensionis
628 1703 660 1768 et
674 1703 848 1780 molestioe3
872 1703 952 1787 quod
967 1704 1067 1769 totum
1090 1703 1154 1768 illis
1169 1703 1322 1770 restitutis
1344 1704 1375 1768 et
1390 1701 1525 1768 redinte-

274 1818 372 1904 gratis
387 1819 447 1885 erit
463 1819 626 1884 sublatum.
665 1817 744 1884 Sunt
766 1819 869 1885 autem
885 1819 1035 1885 eiusmodi
1049 1821 1187 1904 tempora
1202 1819 1238 1884 ut
1254 1817 1392 1885 omnium
1407 1818 1526 1904 gratiae

199 1987 207 1996 .
274 1937 306 2000 et
326 1935 499 2001 voluntates
522 1933 696 2000 retinendae
714 1953 828 2019 magna
850 1953 920 2000 eum
935 1953 1007 2001 eura
1030 1934 1093 2001 sint
1109 1953 1170 2001 non
1192 1936 1293 2001 autem
1316 1933 1526 2020 negligendae.

275 2049 475 2134 Quemquam,
505 2051 540 2114 ut
562 2049 657 2116 etiam
679 2049 820 2128 diximus,
849 2069 911 2116 non
940 2050 1060 2136 egimus
1090 2050 1259 2117 rationibus
1281 2053 1313 2116 et
1335 2051 1527 2136 argumentis

275 2165 447 2242 vobiscum3
486 2166 588 2231 vestra
617 2165 700 2232 anim
730 2165 891 2250 prudentia
920 2167 994 2232 baec
1023 2168 1054 2232 et
1084 2167 1146 2232 alia
1174 2166 1273 2232 multa
1303 2165 1406 2232 videro
1434 2167 1526 2250 atque

274 2281 448 2347 existimare
477 2301 531 2366 per
554 2301 586 2347 se
614 2283 723 2366 potest
776 2281 858 2348 illud
887 2281 1098 2348 contendimus
1128 2281 1278 2367 siquidem
1302 2301 1362 2348 uon
1392 2301 1527 2367 unquam

273 2416 369 2482 neque
393 2395 441 2484 (ut
456 2396 621 2484 oredimus)
638 2397 725 2464 vobis
747 2397 871 2465 omnino
894 2397 1031 2464 futurum
1054 2416 1156 2482 grave,
1179 2397 1259 2482 quod
1281 2397 1443 2482 quominus
1458 2416 1527 2464 esse

254 2513 389 2591 debeat,
419 2511 498 2579 inita
520 2514 688 2600 opportuna
717 2514 846 2580 oonsilio
867 2515 899 2580 et
920 2514 1046 2581 idoneae
1069 2514 1256 2580 conditiones
1286 2515 1421 2597 repertae
1445 2515 1526 2580 snut

274 2627 307 2694 Si
330 2627 468 2694 Caesaris
492 2629 650 2696 vobisonm
671 2628 817 2697 foederati
839 2649 931 2696 oausa
953 2629 1070 2715 aliquid
1092 2629 1214 2714 cupitis,
1237 2629 1263 2695 si
1282 2629 1404 2696 nostrae
1426 2628 1525 2695 inter·

273 2744 403 2810 cessioni
426 2747 457 2812 ot
480 2744 630 2811 voluntati
653 2745 778 2812 defertis
800 2747 950 2826 nonnihil,
980 2746 1140 2812 hortamur
1163 2747 1269 2812 nob.tas
1292 2747 1323 2811 et
1352 2743 1527 2811 devotiones

273 2862 389 2925 vestras
411 2860 445 2926 in
466 2861 599 2926 Domino
623 2861 657 2926 ut
678 2862 734 2929 hos
757 2861 951 2929 calamitosos
973 2861 1005 2928 et
1022 2861 1161 2941 affliotos‚
1184 2861 1237 2946 qui
1258 2863 1339 2928 oerts
1353 2861 1526 2946 temporum

274 2975 370 3059 eulpa,
386 2995 447 3042 non
463 2994 526 3055 sua
542 2977 575 3042 in
590 2977 693 3042 tantas
709 2977 850 3044 miserias
860 2977 1040 3058 inciderunt,
1055 2979 1264 3063 teganturque
1278 2995 1359 3043 nuno
1373 2975 1406 3042 in
1421 2993 1525 3042 erem·

272 3093 358 3175 plum
381 3093 412 3158 et
428 3093 633 3176 speotaoulum
648 3092 707 3158 toti
721 3092 830 3160 Italiae
852 3093 1020 3173 constituti,
1042 3095 1144 3159 vestra
1159 3092 1348 3178 benignitate
1363 3091 1526 3158 elementia

272 3207 507 3274 mansuetudine
529 3209 632 3275 iuvere
655 3208 754 3274 fovere
776 3209 907 3293 resipere
937 3209 970 3274 in
992 3209 1126 3294 gratiam
1150 3210 1284 3275 vestram
1306 3209 1338 3274 et
1359 3206 1535 3292 pristinam-

272 3322 343 3389 ddei
359 3322 576 3389 subiectionem
592 3323 703 3404 volitis,
725 3325 848 3409 illisque
870 3323 909 3390 ad
924 3325 1061 3392 fortunas
1085 3343 1156 3390 suas
1170 3323 1327 3408 pristinas,
1342 3341 1411 3388 oum
1434 3340 1523 3407 prae·

273 3437 379 3505 sertim
402 3457 437 3505 er
460 3439 560 3505 isthoc
581 3459 642 3506 una
663 3459 696 3505 re
718 3443 750 3506 et
772 3459 864 3506 eausa
893 3440 972 3506 nihil
994 3439 1170 3507 detrimenti
1193 3459 1241 3505 res
1270 3441 1372 3505 vestra
1402 3436 1524 3522 publiea

272 3556 430 3639 aooeptura
454 3555 503 3634 sit
526 3557 658 3622 reditum
682 3557 805 3641 aperire.
852 3553 939 3636 Quod
960 3558 1040 3622 oerto
1056 3556 1150 3622 vestri
1171 3555 1305 3622 nominis
1327 3552 1525 3639 amplitudini

271 3689 447 3755 oongruum,
469 3671 558 3740 nobis
574 3691 643 3738 uero
666 3674 697 3739 et
713 3687 808 3738 sermo
823 3670 944 3738 Caesari
963 3671 1081 3739 iacietis
1097 3671 1175 3738 mire
1190 3671 1312 3755 gratum
1329 3671 1360 3736 et
1374 3669 1522 3754 optatum.

272 3785 386 3852 Datum
402 3786 518 3853 Romae
533 3788 588 3854 ete.
603 3786 653 3853 die
668 3787 726 3854 riv.
742 3787 920 3855 Decembris
935 3787 1054 3854 mdrrr.
1099 3786 1188 3852 Anno
1204 3784 1335 3852 seeundo
1360 3785 1441 3868 (eie).
1467 3812 1469 3820 ⁴

865 4049 936 4114 153.

790 4213 1004 4286 Vlceregi.

360 4365 478 4431 Dileote
493 4365 546 4434 dli.
592 4364 796 4451 Cognovimus
818 4385 854 4433 er
875 4367 978 4434 notat·
997 4367 1067 4433 tuae
1082 4363 1195 4432 litteris
1218 4365 1368 4451 optimum
1384 4363 1521 4431 ammom

271 4499 329 4566 quo
352 4499 425 4568 erga
447 4499 503 4548 nos
525 4500 558 4547 es
573 4482 708 4564 atlantis,
730 4500 928 4568 amamusqus
951 4482 1079 4548 liberam
1094 4483 1229 4548 mentem
1251 4482 1338 4547 tunm
1352 4499 1412 4566 quo
1435 4478 1523 4546 nobis
