3366 5084
790 320 1013 386 -482-

272 511 439 577 vacatione·
457 528 493 576 ac
515 512 550 576 ut
571 528 607 576 ea
630 509 669 578 ad
691 512 880 580 voluntatem
910 515 997 580 tuam
1026 514 1230 583 conferremus
1259 517 1299 584 ed
1320 537 1376 586 nos
1398 538 1523 586 arcura·

273 627 394 693 tissime
424 625 605 710 scripsisset,
635 627 746 694 facturi
775 649 881 696 sumus
910 630 1004 696 etiarn
1033 611 1179 698 libentius
1202 634 1238 700 nt
1260 635 1365 702 eodem
1393 636 1473 702 facto
1496 639 1528 702 et

274 743 421 809 desiderio
444 744 496 808 tuo
519 743 551 809 et
572 743 781 810 intercessioni
810 745 896 812 illiue
918 765 1061 830 geramus
1084 767 1215 816 morem:
1245 769 1315 816 cum
1337 770 1407 818 vero
1430 753 1524 818 etiam

273 859 427 925 adscribat
449 879 481 924 se
504 859 582 924 nibil
604 859 654 924 bis
677 861 865 945 temporibus
888 861 1043 928 ardentius
1060 863 1229 932 desiderare
1252 886 1344 950 quem
1367 869 1402 932 ut
1425 869 1524 933 status

272 976 361 1060 regni
382 975 430 1040 tui
450 975 558 1041 iirmus
580 977 760 1061 amplusquo
790 977 839 1057 sit,
868 979 928 1043 etsi
957 982 1010 1044 tua
1038 999 1094 1046 nos
1116 1000 1177 1048 non
1199 982 1391 1049 mediocriter
1422 985 1525 1048 movet

273 1111 364 1158 causa
386 1109 477 1174 quem
499 1092 534 1156 ut
555 1109 624 1157 rere
646 1091 746 1158 filium
769 1112 917 1171 amamus,
941 1096 1045 1160 buren
1067 1096 1151 1162 illius
1175 1098 1269 1163 etiam
1284 1100 1441 1165 voluntate
1463 1099 1522 1163 hec

274 1206 638 1307 accedentalneceesario
668 1227 700 1272 es
729 1208 818 1273 nobis
840 1211 872 1274 et
899 1210 971 1274 huic
1001 1211 1066 1277 sodi
1088 1214 1459 1298 commendationeque
1490 1233 1525 1279 ea

273 1322 373 1389 officia
403 1324 434 1387 et
462 1323 608 1388 beneficia
636 1325 791 1408 expectare
819 1327 948 1408 poteris,
978 1345 1055 1410 quae
1084 1330 1155 1394 tuae
1187 1329 1284 1394 indoli
1315 1331 1346 1394 et
1374 1329 1526 1395 maiorum

273 1441 396 1505 tuorum
412 1437 577 1505 vuuueus
599 1438 713 1504 firerint
727 1441 936 1507 consentanea.
966 1441 1048 1507 lllud
1072 1443 1194 1527 quidem
1209 1444 1303 1510 etiam
1326 1447 1417 1529 atque
1432 1444 1525 1509 etiem

273 1554 485 1620 celsitudinem
508 1556 594 1619 tuem
615 1555 774 1622 hortemur
796 1559 827 1622 et
849 1556 1040 1641 requirimus,
1063 1560 1098 1623 ut
1121 1560 1299 1625 santissimo
1322 1559 1442 1625 vinculo
1464 1577 1525 1625 non

271 1671 356 1754 pacis
379 1671 478 1736 solum
493 1691 599 1737 verum
614 1671 709 1736 etiam
723 1671 820 1737 debiti
843 1673 956 1738 amoris
979 1691 1049 1739 cum
1064 1674 1212 1740 avunculo
1227 1677 1279 1741 tuo
1296 1677 1423 1754 servato,
1445 1676 1525 1742 iuste

272 1790 304 1853 et
326 1787 443 1871 integre
466 1804 595 1871 regnum
610 1787 741 1871 gerendo
764 1807 799 1853 ac
813 1788 930 1872 gratim
946 1790 1010 1854 Deo
1033 1789 1094 1873 ipsi
1109 1791 1250 1875 largitori
1272 1809 1435 1876 regnorum
1453 1811 1523 1875 per-

256 1904 362 1985 ·petuo
385 1902 510 1986 agendo,
533 1922 606 1986 erga
622 1905 760 1968 sanctam
782 1904 942 1970 ecclesiam
959 1903 1127 1990 Scdemque
1143 1907 1342 1990 apostolicam
1364 1925 1441 1991 quae
1456 1926 1524 1972 om-

272 2017 358 2082 nium
381 2017 600 2084 catholicorum
630 2019 802 2102 principum
832 2021 931 2086 mater
954 2022 1009 2100 ost
1039 2020 1167 2106 dignum
1197 2023 1342 2088 honorem
1364 2025 1396 2087 et
1418 2022 1523 2087 obser·

272 2248 361 2314 Anno
384 2249 521 2315 secundo.

872 2433 923 2498 35.

785 2589 1010 2676 Caesarlb

359 2747 524 2816 Carissime
546 2750 602 2814 etc.
640 2749 813 2834 Antequam
836 2749 875 2814 ad
896 2750 1108 2833 pontificatum
1131 2770 1267 2816 essemus
1291 2751 1395 2816 divim
1418 2751 1521 2833 provi-

271 2864 374 2932 dentia
396 2865 503 2942 vocati,
533 2865 724 2930 recordamur
747 2885 802 2930 nos
825 2868 979 2931 atemere
1002 2884 1075 2949 erga
1104 2865 1218 2931 multos
1248 2869 1338 2950 utque
1368 2865 1523 2949 imprimis

270 3000 343 3066 erga
367 2981 561 3046 serenitatem
583 2981 684 3060 tuam,
707 2982 738 3046 ct
760 2981 976 3047 nonnullorum
999 3000 1115 3065 quoque
1138 2981 1206 3046 odio
1228 2981 1323 3046 fuisse
1341 2981 1523 3064 implicatos,

270 3117 340 3161 oum
362 3096 496 3161 hnmano
512 3115 595 3161 more
618 3095 775 3161 affectibus
791 3095 883 3161 variis
906 3115 1043 3161 essemus
1066 3096 1218 3179 occupati3
1242 3097 1275 3160 at
1289 3098 1451 3178 postquam
1467 3097 1523 3161 hoo

270 3212 383 3278 honore
412 3213 551 3295 suscepto
574 3213 605 3276 et
627 3212 685 3277 hac
706 3211 853 3295 pastorali
875 3231 946 3277 cure
969 3214 1096 3296 recepta,
1120 3210 1222 3277 animo
1251 3211 1522 3295 circumspeximus

270 3327 344 3412 quid
359 3347 376 3393 a
391 3328 480 3394 nobis
503 3329 534 3393 et
556 3328 595 3393 ab
611 3327 710 3394 officio
725 3331 828 3394 nostro
851 3327 1060 3412 requireretur,
1084 3329 1233 3412 quantum
1248 3327 1311 3392 Deo
1335 3326 1521 3401 deberemus,

270 3447 418 3528 quantum
427 3444 612 3510 christianae
620 3443 811 3528 reipublicae,
826 3463 918 3528 quam
927 3443 1022 3509 etiam
1036 3443 1260 3527 periclitantem
1275 3461 1311 3507 er
1326 3443 1373 3507 tot
1382 3441 1520 3507 cladibus

270 3561 301 3624 et
323 3559 420 3626 ruinis
443 3579 478 3624 ac
500 3579 576 3643 pene
598 3559 779 3644 naufragam
803 3559 841 3624 ad
864 3560 984 3625 nostrae
1003 3559 1183 3643 vigilantiae
1204 3557 1444 3643 gubernaculum
1467 3557 1521 3621 do·

362 3791 380 3854 ¹)
400 3793 531 3844 Remiserat
553 3791 648 3843 Carolus
670 3793 700 3842 ad
724 3795 856 3855 pontificem
879 3795 1012 3854 episcopum
1035 3791 1169 3854 Capuanum
1192 3808 1206 3842 a
1231 3793 1349 3842 clemente
1374 3793 1478 3848 missum.
1499 3797 1524 3840 ot

268 3892 371 3954 petierat
388 3895 523 3942 societatem
548 3893 660 3940 adsersus
677 3893 825 3940 lauriacum
848 3892 965 3941 doliorum
984 3905 1069 3950 regem.
1106 3891 1212 3940 Pontifici
1231 3905 1273 3952 pro
1292 3903 1348 3952 parc
1366 3891 1445 3940 oranti
1464 3893 1521 3938 aeri·

269 3995 360 4052 paerat:
373 4003 451 4051 pacem
465 3991 530 4049 reite,
544 3991 585 4038 sed
598 3991 683 4037 bellum
695 4003 788 4051 param
804 4004 851 4038 non
866 4004 960 4039 renuere
972 4003 1052 4051 pacem
1067 3991 1125 4047 ,sed
1139 4003 1186 4037 non
1199 3989 1272 4036 rideri
1285 3989 1416 4048 spernenda
1427 3989 1521 4036 interim

268 4103 297 4138 ea
315 4101 374 4147 quae
391 4090 421 4136 ad
440 4101 583 4137 communem
601 4089 799 4136 monstrationem
818 4090 945 4148 pertinent,
971 4101 1013 4148 pro
1032 4100 1078 4146 uua
1101 4082 1276 4152 (subiungebat)
1295 4088 1408 4144 quantum
1427 4086 1457 4134 ad
1476 4099 1519 4134 noa

270 4188 360 4234 attinet
378 4186 437 4234 nibil
455 4186 644 4248 praetermissuri
663 4200 750 4241 sumus,
770 4189 893 4246 sperantes
911 4185 935 4235 S.
955 4187 982 4235 V.
1001 4200 1047 4234 non
1066 4187 1142 4234 erinna
1156 4185 1227 4233 etiam
1245 4186 1359 4232 murmuri
1379 4185 1451 4232 saluti
1469 4197 1522 4231 eoa·

269 4285 410 4333 sulturam‘.
438 4284 477 4332 sto
495 4285 620 4344 scripserat
638 4283 733 4333 Carolus
753 4284 776 4332 in
795 4297 831 4344 ep.
851 4284 907 4332 dote
926 4284 1017 4332 listriti
1033 4285 1065 4331 18
1080 4283 1133 4331 Deo.
1149 4283 1225 4330 1524.
1245 4277 1522 4347 (irritamentis).

269 4383 364 4431 Bellirie
383 4383 589 4431 sollicitationibus
607 4380 713 4431 Caesaris
731 4382 854 4442 rospondit
869 4383 975 4442 pontifex
993 4380 1038 4429 bec
1055 4381 1163 4441 epistola,
1182 4392 1228 4438 qua
1246 4379 1318 4427 stiam
1336 4380 1365 4426 de
1383 4381 1521 4427 sommariis

269 4493 321 4531 cnm
340 4481 413 4528 Gallie
431 4481 573 4530 bmtatibes
591 4484 680 4530 narrat.
