3396 5090
697 321 940 387 -229-

191 517 285 584 etiam
308 516 379 583 novi
409 516 552 583 facinoris
582 501 700 582 debitas
731 535 851 600 pesum,
882 519 909 582 si
932 523 1027 584 ser.tas
1058 520 1111 584 tua
1140 501 1259 585 differre
1288 501 1442 604 paulisper

191 636 310 701 motum
332 631 429 701 animi
458 633 514 710 sui,
545 635 575 698 et
598 633 733 699 subitam
754 632 944 700 iracundiam
974 635 1129 702 cohercere
1158 635 1315 720 potuisset.
1361 637 1441 721 Ilrgo

191 752 230 816 ob
253 752 309 817 hoc
332 769 379 817 ras
402 749 535 816 maxime
557 750 687 816 molesta
710 751 758 816 est
780 751 877 830 nobis,
908 769 1081 836 quanquam
1104 752 1175 818 huic
1198 752 1364 822 molestiae
1386 735 1442 820 illa

191 867 357 934 consolatio
380 868 428 933 est
450 865 601 943 adiuncta,
632 865 711 951 quod
735 867 768 930 tu
792 885 861 932 cum
885 865 921 933 de
944 867 1057 933 recenti
1085 867 1170 934 illius
1201 870 1311 935 scelere
1334 869 1443 935 certior

191 985 290 1050 factm
313 1002 404 1064 asses,
427 1001 486 1066 quo
501 981 555 1048 ille
577 982 762 1067 praefectum
786 982 940 1048 custodiae
964 1002 1034 1050 suae
1050 987 1169 1068 arrepto
1191 985 1323 1070 pugione
1345 985 1441 1051 truci·

192 1101 331 1181 daverat,
361 1098 521 1185 suasque¹)
545 1117 654 1165 manus
679 1099 827 1184 sanguine
850 1099 971 1166 innoxio
1000 1103 1223 1180 cruentaverat,
1255 1104 1289 1168 ut
1319 1102 1442 1169 custode

191 1219 294 1286 ablato
318 1218 346 1286 ai
368 1216 459 1302 fugae
485 1216 603 1300 pateret
625 1215 738 1296 esitus,
769 1216 904 1300 aliosque
935 1235 1037 1283 secum
1067 1217 1106 1284 ad
1134 1218 1271 1285 eiusdem
1300 1218 1442 1285 facinoris

191 1335 419 1402 consensionem
441 1333 622 1417 corruperat,
651 1333 718 1416 ipso
741 1333 840 1416 primo
863 1333 972 1400 nrancio
996 1337 1165 1401 commotus
1188 1354 1258 1402 cum
1280 1335 1443 1404 dloaldum

191 1451 329 1519 mitteres
352 1452 392 1518 ad
414 1449 637 1536 inquirendum,
659 1452 690 1515 et
714 1449 740 1514 si
763 1469 798 1515 ea
821 1469 891 1515 vera
915 1449 1111 1534 comperisset
1133 1450 1227 1518 etiam
1250 1451 1289 1518 ad
1311 1453 1441 1537 punien-

191 1569 265 1635 dum
295 1569 325 1634 et
347 1566 579 1647 vindicandum,
609 1585 670 1632 non
699 1567 729 1631 te
757 1567 872 1651 nephas
902 1567 1001 1633 ullum
1030 1567 1220 1634 committere
1243 1569 1442 1646 existimasti;

190 1685 327 1769 quodque
342 1686 456 1768 postea,
470 1683 626 1749 intellecta
641 1682 783 1748 facinoris
806 1683 964 1766 marimte,
988 1685 1019 1748 et
1041 1702 1115 1769 quos
1131 1685 1162 1750 te
1183 1685 1216 1751 in
1231 1684 1354 1770 laqueos
1370 1705 1441 1753 cen·

191 1819 332 1867 surarum
354 1799 567 1885 implicuisses,
592 1797 729 1884 qnodque
753 1798 791 1863 ab
814 1799 897 1864 omni
920 1798 1131 1865 communione
1153 1799 1290 1867 fidelium
1312 1801 1442 1868 reiectus

191 1935 283 1996 esses,
313 1917 352 1982 ad
375 1916 509 1982 dolorem
532 1913 628 1980 animi
651 1917 682 1979 et
712 1913 931 1998 poenitentiam
953 1933 1123 1994 conversus,
1154 1917 1244 1983 rebus
1267 1915 1388 1996 divinis,
1411 1918 1443 1983 et

192 2032 395 2101 sanctssimis
418 2030 575 2117 mysteriis
598 2029 792 2108 abstinuisti;
815 2032 906 2115 atque
928 2032 963 2096 nt
985 2029 1070 2115 pium
1094 2032 1125 2096 et
1147 2032 1332 2099 catholicum
1354 2032 1441 2116 prin-

191 2151 290 2234 cipem
305 2149 438 2228 decebat,
461 2147 500 2213 ad
522 2166 577 2213 nos
594 2146 741 2212 orandum
764 2149 795 2213 et
810 2146 1031 2232 deprecandum
1055 2148 1180 2227 misisti,
1203 2150 1239 2216 ut
1256 2149 1314 2216 tibi
1336 2150 1369 2216 in
1385 2149 1443 2216 Dei

190 2269 222 2333 et
243 2265 367 2344 curisti,
397 2263 481 2331 cuius
505 2263 586 2329 vices
608 2264 752 2348 gerimus,
783 2263 964 2330 auctoritate
992 2264 1113 2330 reniam
1136 2267 1167 2330 et
1197 2265 1442 2333 communionem

190 2381 308 2467 gratiae
330 2381 568 2447 restitueremus.
614 2375 697 2460 Quae
721 2381 792 2446 sunt
808 2379 911 2445 omnia
934 2378 1021 2445 nobis
1044 2382 1074 2446 et
1097 2400 1150 2466 per
1164 2381 1285 2449 lit—teras
1309 2383 1387 2463 tuas,
1410 2383 1442 2460 et

190 2498 336 2564 referente
352 2495 462 2564 dilecto
477 2495 541 2562 filio
556 2495 652 2562 nobili
668 2496 732 2562 viro
741 2495 867 2581 aloysio
883 2495 967 2562 Duce
983 2493 1111 2563 Suessae
1126 2499 1197 2564 tuae
1213 2499 1441 2578 persecutore,

188 2614 248 2698 piis
272 2631 307 2680 ac
329 2612 481 2698 religiosis
496 2611 635 2697 precibus
651 2611 794 2696 exposita.
839 2613 883 2678 Ex
906 2613 1016 2697 quibus
1033 2615 1175 2680 renouata
1190 2615 1239 2681 est
1253 2615 1324 2681 ante
1339 2616 1441 2682 oculos

189 2731 302 2797 mentis
325 2731 445 2797 nostrae
468 2728 677 2796 memorabilis
699 2729 755 2794 illa
776 2728 874 2811 pietas
898 2727 988 2813 atquc
1011 2728 1119 2814 religio
1134 2731 1190 2796 cla.
1206 2750 1263 2798 me.
1279 2731 1442 2798 Theodosii

188 2845 380 2932 imperatoris
409 2845 647 2930 praedecessoris
669 2845 724 2923 tui,
754 2844 840 2910 cuius
863 2845 897 2910 tu
920 2844 1037 2911 nomini
1067 2847 1098 2911 et
1121 2847 1267 2930 potestati
1290 2866 1352 2931 par,
1382 2849 1439 2914 hac

188 2964 282 3030 ctiam
305 2960 462 3047 religionis
484 2961 597 3027 virtute
626 2979 687 3026 non
709 2960 833 3026 inferior
862 2979 930 3027 esse
953 2961 1093 3037 voluisti;
1117 2981 1193 3045 quae
1223 2962 1346 3048 quidem
1369 2981 1440 3029 vera

187 3081 235 3146 est
257 3077 417 3145 christiani
439 3076 585 3162 principis
608 3075 797 3161 magnitudo,
828 3076 907 3142 sicut
930 3076 963 3142 in
984 3077 1038 3143 illo
1061 3077 1156 3144 etiam
1179 3077 1246 3158 fuit,
1277 3097 1440 3164 agnoscere

187 3197 218 3262 et
240 3194 377 3262 venerari
399 3193 545 3260 maiorem
568 3193 658 3259 illum
680 3192 862 3278 principem,
892 3192 945 3277 qui
974 3193 1007 3259 in
1030 3193 1111 3260 coelo
1144 3195 1174 3259 et
1197 3193 1230 3259 in
1252 3196 1333 3260 terra
1356 3195 1438 3261 solus

186 3313 234 3378 est
256 3310 436 3377 altissimus.
481 3309 542 3376 His
564 3315 623 3375 uos*
643 3308 799 3393 perpensis
822 3309 853 3374 et
874 3307 1081 3390 consideratis,
1104 3309 1210 3376 faciles
1232 3312 1264 3377 at
1278 3312 1378 3396 parati
1401 3312 1438 3377 ad

187 3427 308 3494 veniam
331 3446 446 3507 sumus,
469 3445 523 3492 nec
545 3425 594 3491 oui
616 3424 675 3491 Dei
697 3424 914 3508 omnipotentis
930 3425 1170 3492 misericordiam
1192 3429 1365 3512 promptam
1388 3427 1437 3493 in·

186 3543 371 3628 tellegimus,
393 3541 423 3610 ai
444 3543 581 3608 nostram
604 3539 828 3625 indulgentiam
844 3539 1053 3624 denegandam
1077 3539 1269 3608 arbitramur.
1317 3541 1376 3610 Sed
1391 3545 1439 3610 est

186 3660 345 3744 scrupulus
360 3658 485 3744 quidam
507 3658 541 3724 in
563 3655 666 3724 animo
688 3657 791 3723 nostro
814 3655 920 3735 maior,
951 3655 988 3723 de
1010 3675 1069 3742 quo
1092 3660 1294 3743 opportunum
1317 3661 1438 3744 tempus

186 3775 305 3842 videtur
334 3773 517 3842 &monendi
538 3775 593 3853 tui,
623 3772 796 3858 quandote
826 3773 887 3838 ista
917 3772 1064 3857 religione
1087 3775 1215 3841 stracti
1245 3776 1438 3842 observantia

185 3891 365 3975 praeditum,
389 3890 477 3957 facile
499 3909 661 3973 possumus
678 3887 798 3956 credere
820 3906 881 3955 non
899 3888 1152 3956 animadvertisse
1175 3891 1248 3976 quid
1270 3910 1384 3976 ageres,
1408 3895 1439 3958 et

185 4007 218 4072 in
233 4007 370 4091 graviore
393 4007 487 4074 etiam
502 4007 591 4092 culpa
615 4005 812 4085 admittenda,
836 4004 949 4071 dolosis
964 4006 1066 4089 potius
1083 4007 1275 4074 suasionibus
1298 4008 1437 4089 aliorum,

185 4143 278 4207 quam
301 4125 370 4189 tuae
393 4123 526 4208 optimae
548 4122 579 4189 et
602 4121 790 4188 rectissimae
819 4122 945 4188 naturae
975 4122 1208 4207 obtemperasse.
1254 4122 1324 4189 Nou
1355 4123 1438 4190 enim

186 4237 231 4303 lili
246 4237 404 4304 carissima
420 4237 521 4304 minus
538 4239 672 4304 arratum
688 4237 744 4317 est,
768 4255 864 4321 neque
878 4236 973 4304 levior
996 4237 1076 4322 apud
1092 4239 1190 4304 Deum
1214 4240 1312 4323 culpa,
1330 4239 1437 4305 tollere

277 4485 296 4551 ¹)
315 4489 423 4540 Ouanias.
442 4485 544 4555 inpias.
