3380 5088
433 1116 735 1211 VARiORUM
764 1117 1071 1216 EPISTOLAE
1100 1117 1167 1210 ET
1194 1118 1331 1211 leel

321 1288 550 1355 mansuris
574 1289 642 1356 VII.
667 1289 888 1358 EPISTOLAS
912 1292 963 1357 ET
986 1289 1117 1357 GESTA
1140 1289 1452 1400 recusauerim,

595 1435 637 1482 nx
659 1435 826 1485 vnrrcaurs
844 1437 1042 1484 reaumaus
1061 1435 1173 1484 aaran.

506 1903 725 1978 Archmprse.
747 1903 977 1964 nevarensis
1001 1903 1172 1964 Clementi
1197 1904 1269 1964 vll.

636 2011 722 2097 (litt.
746 2011 927 2096 principum
951 2011 975 2078 Ι.
998 2013 1049 2080 iol.
1076 2011 1140 2098 12).

734 2127 799 2211 (14.
823 2127 913 2194 Mart.
940 2127 1049 2214 1523).

351 2277 535 2345 Beatissimo
557 2280 643 2362 pater
672 2279 741 2362 post
764 2279 873 2346 devota
895 2280 1054 2346 beatorum
1076 2281 1189 2363 pedum
1218 2282 1321 2347 oscula
1351 2280 1513 2364 paratissi-

263 2413 349 2462 mum
372 2394 557 2478 obsequendi
580 2395 731 2462 affectum.

352 2510 535 2576 Beatissimo
558 2513 644 2595 pater
667 2510 789 2578 domina
809 2511 1056 2590 clementissima,
1080 2531 1151 2578 eum
1166 2511 1278 2580 Sancta
1293 2513 1433 2579 Romana
1455 2513 1513 2580 aa·

262 2627 355 2694 alesia
377 2627 555 2695 cunctarum
584 2628 691 2704 mater,
720 2646 775 2710 pro
798 2626 908 2694 affectu
930 2627 1041 2694 cateno
1062 2628 1207 2707 ecclesiis,
1230 2647 1291 2696 non
1314 2647 1401 2694 secus
1423 2647 1514 2712 quam

262 2744 360 2810 mater
389 2742 528 2820 filiabus,
557 2741 590 2808 in
612 2743 847 2810 necessitatibus
880 2743 1041 2810 subuenire
1070 2744 1180 2823 soleat,
1211 2744 1311 2828 sitque
1341 2743 1516 2810 mactitatis

262 2859 395 2936 vestrae,
418 2857 499 2924 inter
520 2859 636 2924 ceteras
666 2860 788 2925 sanctm
811 2859 920 2924 matris
943 2858 1088 2926 ecclesiae
1118 2859 1349 2938 sollicitudines,
1378 2859 1435 2924 trac
1456 2875 1517 2925 non

262 2972 400 3050 minima,
430 2992 489 3057 qua
513 2973 661 3039 sanctitas
684 2975 784 3040 restra
807 2974 904 3041 aciem
935 2993 1007 3040 suae
1035 2974 1286 3041 considerationis
1316 2973 1459 3054 extendit,
1482 2975 1517 3039 ut

262 3089 385 3154 sanctae
408 3087 517 3154 matris
540 3087 611 3166 filie,
636 3089 717 3154 felici
739 3089 828 3156 ducta
842 3089 991 3174 regimine
1014 3089 1147 3156 anoriis
1161 3091 1380 3174 preservantur,
1404 3108 1442 3156 no
1460 3088 1515 3156 ala-

262 3203 381 3268 atitutis
396 3204 531 3286 prelatis
554 3205 698 3288 perpetua
713 3204 840 3289 lugeant
854 3205 1011 3284 viduitate,
1035 3205 1089 3271 aad
1103 3207 1138 3270 ut
1153 3205 1268 3289 optans
1291 3203 1452 3288 proficiant
1465 3204 1515 3271 in·

261 3318 439 3393 cremantis;
462 3337 532 3384 cum
547 3319 649 3404 itaque
665 3319 861 3386 sanctitatem
882 3321 1018 3386 vestram
1043 3320 1126 3386 haud
1149 3321 1245 3386 lateat
1269 3321 1383 3405 quanta
1404 3313 1516 3386 iniuria

262 3453 297 3499 ac
319 3433 430 3499 damno
452 3434 642 3519 irreparabili
664 3435 857 3502 Reverendus
880 3436 913 3501 in
936 3433 1067 3515 Christo,
1090 3437 1122 3502 at
1144 3437 1276 3502 illustria
1300 3435 1443 3503 dominus
1459 3435 1514 3502 Jo-

262 3549 379 3616 hannes
394 3549 552 3634 episcopus
568 3550 810 3618 Hildossmensis
833 3553 871 3617 ab
894 3551 1076 3618 aduersariis
1100 3551 1164 3618 suis
1188 3551 1354 3636 affligatur,
1377 3549 1466 3617 etin
1480 3569 1516 3617 ea

262 3665 372 3732 bellica
401 3666 577 3732 calamitate
603 3685 674 3732 suae
697 3667 841 3733 ecclesiae
871 3667 959 3733 bonis
986 3667 1017 3732 et
1042 3667 1132 3733 terris
1164 3666 1326 3750 spoliatus,
1358 3667 1421 3732 iam
1452 3665 1516 3732 iarn

262 3799 414 3865 nusquam
443 3782 543 3859 tutus,
573 3782 669 3848 voluti
697 3782 731 3847 in
760 3781 886 3848 axilium
915 3783 1040 3865 pulsus,
1071 3783 1156 3849 omni
1186 3783 1353 3850 amicorum
1383 3781 1515 3867 prasidio

260 3895 355 3962 atium
377 3895 510 3974 relictus,
533 3897 643 3962 misere
666 3896 903 3976 circumferatur,
926 3899 957 3962 et
976 3915 1011 3962 ea
1034 3916 1082 3963 res
1105 3897 1222 3978 catena,
1245 3899 1351 3964 contra
1373 3896 1514 3964 emissiae

262 4011 397 4078 sevienti
418 4011 622 4078 intollerabile
644 4014 676 4078 ot
698 4011 937 4096 ignominiosum
960 4013 1116 4095 prebitura
1139 4013 1181 4078 sit
1202 4014 1376 4096 exemplum
1400 4011 1475 4097 (nisi
1497 4029 1515 4076 a

263 4127 426 4192 sanctitate
441 4127 542 4192 vestra
556 4128 644 4193 tanta
658 4127 840 4193 iniuriarum
855 4129 888 4193 et
902 4128 1071 4194 invasionis
1089 4127 1135 4193 vis
1150 4128 1231 4194 iusto
1254 4128 1412 4195 obstaculo
1429 4145 1514 4194 oern-

261 4241 431 4327 peacatur);
447 4261 576 4328 cumque
590 4243 725 4327 prefatus
741 4243 900 4326 episcopus
911 4243 1016 4329 (quern
1031 4243 1165 4326 proiecto
1174 4243 1236 4308 vito
1251 4245 1283 4308 et
1297 4260 1419 4309 morum
1432 4242 1513 4308 inte·

261 4357 375 4441 gritato
396 4357 601 4441 conspicuum,
623 4376 754 4441 suaeque
769 4357 913 4424 acclesiae
937 4357 1059 4425 fidelem
1082 4358 1373 4436 administratorem,
1395 4373 1514 4440 semper

263 4473 408 4558 comperi)
420 4472 498 4538 mihi
513 4472 555 4538 sit
569 4473 701 4558 quodam
711 4473 860 4558 singulari
874 4473 1036 4540 chantatis
1045 4473 1166 4539 vincqu
1181 4473 1311 4552 iunctus,
1326 4491 1362 4537 ac
1375 4471 1515 4556 precibus
