3366 5084
680 343 902 406 -41-

165 540 195 603 et
224 537 392 603 commodis
422 537 617 621 cogitaturos,
648 555 825 619 semperque
854 534 911 600 hoc
940 533 1077 600 familiae
1106 537 1177 600 tuas
1206 535 1416 602 nobilissimae

168 654 315 738 nobisque
338 653 556 718 dilectissimae
578 655 609 718 et
631 651 865 735 probatissimae
888 650 1020 730 daturos,
1043 652 1078 715 ut
1092 670 1286 735 quaecunque
1308 653 1341 715 in
1364 669 1416 717 vos

167 770 267 835 officia
290 788 308 834 a
331 771 419 835 nobis
443 771 474 834 et
497 770 601 834 sancta
632 768 781 833 sedebas
804 767 1040 849 proficiscantur,
1070 785 1106 832 aa
1128 767 1287 832 rideantur
1315 769 1417 851 potius

168 885 277 950 restris
307 885 471 968 praeclaris
499 885 666 950 uirtutibus
697 901 875 967 summoque
905 883 1002 949 amori
1024 883 1128 948 nostro
1153 901 1188 948 ao
1210 883 1321 948 iudicio
1345 902 1418 966 erga

165 1020 218 1066 ros
242 1001 313 1066 data
336 1020 428 1085 quam
452 1021 487 1066 cr
510 1000 664 1066 communi
687 999 902 1066 consuetudine
925 1017 1073 1065 concessa.
1120 997 1207 1078 Quod
1229 1018 1299 1064 oum
1322 999 1415 1064 facie-

165 1135 243 1194 mus,
267 1135 328 1181 non
350 1116 450 1181 solum
472 1115 699 1182 benevolentiae
721 1114 754 1180 in
776 1133 830 1180 vos
853 1116 983 1191 nostrae,
1007 1115 1058 1180 sed
1076 1115 1170 1180 etiam
1184 1115 1243 1180 Dei
1265 1114 1372 1180 honori
1387 1117 1418 1180 et

163 1231 230 1297 eius
254 1232 376 1296 sanotae
397 1231 469 1296 fidei
492 1231 585 1296 saluti
607 1251 663 1300 nos
685 1251 751 1296 rem
773 1230 964 1296 commodam
987 1233 1018 1296 et
1040 1231 1148 1296 utilem
1164 1231 1261 1296 iacere
1283 1231 1415 1296 arbitra-

162 1348 274 1413 bimur.
311 1347 439 1413 Devotio
461 1349 515 1412 tua
536 1347 572 1411 nt
586 1349 689 1414 nostro
712 1365 784 1432 erga
800 1367 833 1411 se
855 1347 952 1412 amori
973 1347 1040 1431 pari
1062 1349 1093 1412 et
1108 1346 1209 1412 debita
1225 1345 1418 1412 observantia

163 1463 353 1546 respondeat,
376 1481 559 1547 magnopere
581 1463 670 1538 illam
692 1464 725 1528 in
748 1463 870 1528 domino
892 1463 1059 1528 hortamur.
1090 1463 1207 1528 Datum
1229 1463 1346 1527 Romae
1361 1463 1416 1526 etc.

164 1578 288 1645 diarii
312 1579 489 1645 Decembris
513 1579 659 1645 mdrrliii.
704 1580 793 1645 Anno
818 1579 955 1644 secundo.

766 1841 817 1906 30.

628 2005 964 2079 AntuerplensibuS.

251 2161 367 2226 Dilecti
388 2161 454 2226 filii
500 2161 682 2244 Accepimus
711 2160 831 2224 litteras
854 2161 972 2224 vestras
1002 2161 1033 2224 et
1062 2160 1175 2224 civium
1198 2160 1418 2244 magistrorum

159 2297 196 2342 ac
219 2277 380 2344 consulum
394 2295 456 2341 una
477 2277 569 2342 istius
585 2275 728 2354 civitatis,
752 2276 785 2342 in
800 2275 911 2360 quibus
926 2276 1117 2360 deplorantes
1140 2277 1259 2340 vestrae
1273 2275 1416 2340 ecclesiae

160 2393 397 2470 incommodum,
421 2411 497 2476 quae
512 2392 628 2457 iamdiu
644 2392 755 2458 decano
779 2410 833 2456 suo
849 2393 955 2458 orbata
970 2393 1091 2475 propter
1106 2391 1212 2457 dilecti
1235 2391 1292 2456 lilii
1307 2391 1416 2456 Jacobi

163 2508 305 2574 Bannisii
321 2508 427 2572 decani
441 2508 536 2573 vestri
552 2507 723 2573 absentiam
746 2527 808 2572 non
822 2507 986 2573 mediocria
1000 2508 1034 2573 in
1050 2507 1260 2590 spiritualibus
1276 2509 1311 2571 ut
1328 2506 1414 2571 affir-

163 2625 256 2689 matis
279 2624 392 2706 accipit
413 2623 606 2702 detrimenta,
628 2624 734 2706 petitis
757 2623 795 2687 ad
811 2624 979 2689 extremum
1001 2625 1037 2688 ut
1059 2643 1129 2689 eum
1152 2625 1200 2688 vel
1223 2623 1263 2689 ad
1276 2623 1413 2688 residen-

161 2739 233 2805 dum
257 2740 291 2804 in
314 2757 369 2805 sua
398 2739 526 2812 ecelesia
548 2740 597 2804 rol
619 2739 659 2803 ad
680 2739 864 2804 decanatum
891 2739 993 2822 ipsum
1016 2739 1049 2805 in
1081 2739 1195 2805 sessuri
1218 2741 1249 2804 et
1272 2739 1414 2804 servituri

162 2855 305 2921 ecelesiae
334 2873 495 2938 personam
524 2855 742 2939 resignandum
771 2855 999 2938 compellamus.
1046 2854 1163 2935 Quibus
1193 2855 1329 2938 utrisque
1358 2873 1413 2920 nos

162 2969 210 3036 his
232 2970 346 3037 litteris
368 2971 482 3036 nostris
496 2969 722 3054 respondemus,
744 2971 878 3054 primum
894 2971 1142 3038 commendantes
1157 2972 1189 3038 in
1205 2970 1336 3038 Domino
1358 2971 1412 3035 de-

161 3087 314 3152 votionem
336 3087 367 3152 et
381 3086 561 3170 religionem
583 3088 718 3151 uestram
741 3086 794 3171 qui
808 3087 951 3152 eeclesiae
973 3106 1077 3153 euram
1099 3107 1167 3154 eam
1183 3106 1275 3172 quam
1298 3086 1415 3152 debetis

161 3203 268 3286 geritis
291 3221 327 3267 ac
350 3201 515 3285 suscipitis,
537 3221 575 3268 ne
591 3221 626 3268 aa
649 3202 713 3267 suis
729 3204 762 3267 et
774 3201 833 3267 Dei
847 3202 999 3268 ministris
1023 3201 1153 3286 spoliata
1175 3203 1298 3268 alaude
1312 3203 1413 3268 omni-

161 3319 295 3401 potentis
325 3318 384 3382 Dei
412 3319 443 3382 et
472 3317 556 3383 cultu
585 3317 630 3382 rei
659 3316 780 3382 dinnao
808 3317 1000 3402 refrigescas
1031 3337 1123 3403 quam
1152 3318 1280 3383 eandem
1307 3336 1412 3384 cruam

160 3435 309 3500 babemus
332 3451 402 3511 noa;
418 3435 482 3498 Deo
506 3433 589 3498 enim
611 3433 793 3500 concedente
807 3453 913 3500 sumus
936 3436 967 3499 et
988 3435 1022 3500 in
1045 3437 1146 3500 vestra
1161 3436 1193 3500 et
1214 3435 1247 3499 in
1262 3433 1413 3512 omnibus,

160 3552 343 3635 utquisque
367 3549 432 3615 eius
455 3549 590 3615 mimeris
613 3549 705 3615 fidem
735 3551 820 3615 euius
844 3551 907 3616 Deo
930 3551 1048 3616 debitor
1070 3551 1118 3618 est
1138 3551 1300 3634 persolvat
1323 3569 1411 3616 cura·

159 3667 227 3732 turi
280 3665 326 3730 Ac
349 3667 384 3730 ut
407 3667 591 3732 assentimur
616 3665 703 3730 nobis
726 3668 927 3749 opportunam
950 3685 1016 3732 esse
1031 3667 1065 3732 in
1087 3667 1223 3732 ecelesiis
1248 3667 1412 3750 superioris

160 3781 364 3865 praesentiam
394 3781 438 3846 sio
468 3781 611 3865 quoniam
640 3781 818 3866 quandoque
847 3783 958 3848 aooidit
979 3786 1015 3849 ut
1037 3783 1090 3866 qui
1112 3783 1176 3848 Deo
1207 3783 1344 3850 sormunt
1373 3783 1412 3848 ad

162 3899 274 3962 sortem
298 3897 393 3961 aliam
424 3897 574 3962 serviendi
596 3900 748 3976 vocentur,
779 3898 917 3963 habenda
940 3900 987 3963 est
1017 3899 1193 3983 quandoque
1216 3918 1411 3982 personarum

159 4011 331 4078 distinctio:
355 4012 519 4078 dnmmodo
542 4031 638 4097 neque
660 4016 839 4096 perpetuum
862 4015 895 4079 id
918 4014 959 4079 sit
982 4035 1077 4099 neque
1099 4015 1322 4099 inexemplum
1345 4017 1410 4080 tra·

160 4129 265 4194 babor:
289 4146 418 4212 cumque
441 4147 521 4194 nunc
543 4129 608 4212 ipse
624 4129 790 4195 Bennisius
813 4131 893 4213 apud
916 4148 971 4195 nos
994 4131 1147 4197 innostra
1170 4133 1306 4197 versetur
1328 4132 1411 4196 curia

157 4263 192 4308 aa
214 4263 324 4328 gerens
343 4244 465 4328 negotia
488 4263 565 4328 quae
587 4244 626 4309 ad
647 4245 732 4328 pacis
755 4247 786 4310 et
809 4246 959 4312 sedandae
981 4247 1090 4312 ltaliae
1104 4246 1317 4313 tractationem
1339 4267 1410 4330 par·

159 4360 290 4426 tinentia
319 4379 375 4426 nos
405 4360 440 4451 in
468 4359 602 4424 murima
631 4381 703 4426 cura
732 4365 763 4427 et
793 4362 997 4428 sollieitudine
1027 4363 1124 4429 animi
1153 4365 1259 4429 tenent
1287 4363 1412 4447 positos,

154 4474 325 4541 iudicamus
356 4495 422 4541 esse
445 4494 505 4542 non
533 4476 673 4560 iniquum
702 4478 737 4542 ut
758 4481 789 4543 et
812 4479 928 4564 negotii
956 4479 1038 4564 quod
1059 4481 1125 4565 agit
1148 4482 1178 4546 et
1200 4479 1324 4546 uirtutis
1353 4497 1408 4562 per
