3366 5084
770 281 902 382 2⁸38
947 353 990 362 -.

253 510 404 576 sententia
420 515 523 576 nostra
539 511 697 588 firmiores,
712 512 747 576 ut
762 512 881 576 nullum
898 511 979 576 aliud
997 512 1164 578 remedium
1187 512 1377 579 inveniamus
1394 513 1502 580 ltaliae

252 626 469 710 tranquillitati
498 629 529 691 et
558 627 792 692 christianorum
823 627 890 710 paci
919 628 1082 704 communi,
1111 647 1187 710 quae
1216 647 1274 711 par
1304 631 1334 692 ct
1364 630 1449 712 quies
1473 629 1500 694 si

253 742 428 807 abhorreret
456 743 488 806 et
516 742 614 806 aliena
644 746 726 807 esset
749 763 765 806 a
790 741 927 808 Caesaris
957 743 1124 808 commodis
1155 744 1319 809 ethonore
1348 765 1386 809 ne
1416 746 1503 810 nobis

251 856 373 941 quidem
395 857 443 921 fas
465 877 531 922 esse
554 861 729 940 putaremus
752 858 914 943 quicquam
937 859 1072 942 cogitare
1095 862 1147 923 aut
1163 861 1301 943 proloqui
1324 861 1404 944 quod
1428 859 1498 945 dig-

251 973 380 1038 nitatem
410 975 441 1036 et
470 975 585 1036 statum
614 973 699 1037 illius
731 975 778 1038 rel
809 974 973 1038 minimum
995 973 1130 1038 violaret.
1178 973 1238 1040 Sed
1267 976 1381 1040 conscii
1404 976 1502 1040 animi

252 1089 349 1154 nostri
371 1107 461 1171 quem
484 1107 556 1170 erga
578 1089 675 1172 ipsius
705 1091 900 1154 serenitatem
922 1090 1066 1172 gerimus,
1090 1109 1212 1173 remque
1236 1092 1405 1156 accuratius
1428 1110 1501 1156 con-

253 1205 420 1269 siderantes
484 1205 554 1286 (ed)
611 1205 745 1288 plerique
778 1205 900 1270 illorum
931 1204 1075 1284 fortasse,
1107 1205 1159 1289 qui
1188 1224 1219 1270 se
1245 1225 1304 1290 pro
1336 1207 1390 1271 illo
1422 1209 1504 1272 stare

251 1321 284 1384 in
308 1319 402 1384 armis
425 1322 456 1383 et
478 1320 680 1402 perniciosum
696 1321 812 1385 bellum
835 1319 1010 1385 continuare
1025 1321 1104 1385 uelle
1124 1305 1318 1404 profitentur:
1342 1322 1454 1387 iterum
1472 1325 1504 1388 et

254 1435 373 1519 saepius
389 1435 544 1500 nobilitati
567 1438 636 1500 tuae
652 1437 840 1500 consulimus
864 1438 899 1500 ut
921 1435 1082 1519 aliquando
1106 1438 1177 1502 dare
1200 1440 1230 1502 te
1245 1438 1321 1502 velis
1337 1438 1504 1522 regendum

253 1569 321 1616 vere
344 1551 479 1633 paternis
503 1554 534 1615 et
557 1551 698 1616 fidelibus
721 1550 858 1616 consiliis
881 1551 1004 1628 nostris,
1033 1570 1110 1635 quae
1133 1553 1249 1616 tamam
1271 1552 1394 1636 quidem
1416 1555 1502 1618 tuam

251 1669 282 1732 et
303 1685 414 1731 nomen
444 1668 655 1730 conservatum
680 1669 760 1744 sunt,
791 1668 922 1732 caesaris
946 1686 1015 1732 vero
1038 1667 1129 1733 decus
1153 1671 1183 1732 et
1212 1668 1379 1734 utilitatem
1409 1668 1504 1734 etiam

251 1783 391 1846 auctura:
430 1781 630 1846 christianam
660 1784 761 1846 autem
792 1783 1012 1865 rempublicam
1045 1783 1083 1846 ad
1114 1783 1312 1848 manifestum
1346 1784 1504 1848 interitum

251 1897 460 1979 prolabentem
499 1897 532 1961 in
563 1897 698 1980 aliquam
731 1916 816 1981 spem
849 1898 967 1976 salutis,
1000 1898 1180 1963 concedente
1211 1899 1283 1976 Deo,
1314 1898 1504 1964 revocabunt.

252 2011 372 2078 Scimus
396 2012 478 2078 onim
501 2013 532 2076 ct
556 2012 693 2077 videmus
724 2016 872 2096 quantum
895 2014 991 2078 instet
1020 2014 1115 2079 cladis
1138 2017 1169 2079 et
1197 2015 1397 2097 pericolorum
1420 2015 1502 2079 chri-

252 2129 352 2192 stiano
382 2127 500 2193 nomini
522 2131 553 2192 et
576 2130 665 2194 rebus
695 2129 854 2211 praecipue
877 2127 1015 2194 Caesaris
1040 2129 1067 2194 si
1095 2131 1152 2194 hoc
1180 2130 1359 2213 pestiferum
1389 2131 1504 2196 bellurn

250 2242 366 2307 diutius
398 2243 589 2308 extrahatur:
613 2244 693 2327 qnod
724 2246 758 2308 tu
781 2244 910 2311 fortasse
933 2246 1052 2328 privato
1075 2244 1142 2310 odio
1174 2247 1205 2311 et
1227 2264 1381 2311 armorum
1406 2245 1505 2310 studio

249 2357 416 2441 impeditus
432 2357 534 2424 minus
559 2359 635 2424 scire
650 2361 681 2424 et
696 2359 797 2425 uidere
820 2364 921 2444 potes:
945 2359 998 2426 sed
1020 2362 1100 2424 certe
1117 2360 1143 2425 si
1163 2359 1235 2444 quid
1250 2361 1366 2426 accidet
1387 2361 1506 2444 praeter

251 2491 337 2555 spem
367 2475 397 2538 et
420 2474 602 2556 opinionem,
632 2475 732 2540 omnis
755 2476 892 2540 omnium
915 2475 1072 2540 iracundia
1100 2477 1190 2558 atque
1212 2475 1340 2541 infamia
1362 2477 1394 2541 in
1416 2479 1504 2542 tuum

250 2589 340 2669 caput
361 2590 504 2671 eruptura
528 2591 589 2654 est:
620 2590 700 2674 quod
722 2591 873 2656 nollemus
889 2609 944 2656 nos
967 2589 1090 2674 quidem
1113 2611 1214 2656 amore
1238 2591 1375 2656 Caesaris
1399 2595 1430 2657 et
1452 2594 1505 2656 tuo

250 2703 380 2770 adducti.
427 2701 513 2782 Quod
536 2704 659 2789 quidem
681 2706 720 2770 ad
743 2709 882 2772 nostrum
904 2707 1057 2789 pastorale
1080 2707 1215 2772 officium
1238 2709 1357 2786 attinet,
1381 2709 1412 2772 et
1434 2686 1510 2772 mo-'

249 2837 358 2883 nemus
388 2821 592 2885 attestamur
621 2823 758 2886 nostram
788 2823 827 2887 ad
856 2825 936 2886 recte
958 2821 1017 2886 tibi
1047 2823 1264 2889 consulendum
1294 2825 1325 2887 ot
1347 2841 1451 2887 curam
1474 2824 1505 2887 et

250 2933 472 3016 providentiam
494 2952 554 2999 non
577 2936 717 3001 defuisse.
763 2936 845 3001 Nam
870 2937 897 3000 si
919 2957 954 3001 er
977 2938 1073 3002 altera
1095 2939 1181 3019 parte
1204 2938 1325 3002 firmam
1355 2936 1504 3001 rationem

250 3049 385 3132 aliquam
408 3051 636 3115 constituendae
652 3053 735 3134 pacis
751 3052 982 3128 invenissemus,
1005 3071 1067 3117 non
1082 3052 1141 3117 huc
1156 3052 1352 3136 potissimum
1367 3071 1504 3120 essemus

250 3163 359 3240 delati;
384 3165 437 3229 sed
460 3165 534 3230 haec
563 3167 725 3231 vicariatus
756 3165 872 3231 Christi
901 3167 1037 3250 dignitas
1059 3187 1115 3232 nos
1146 3187 1198 3250 pro
1228 3168 1348 3250 publico
1370 3167 1504 3250 primurn

250 3278 339 3356 bono,
364 3278 480 3356 deinde,
504 3299 537 3346 eo
555 3282 639 3346 salvo
656 3285 686 3347 et
701 3285 872 3365 praeeunte,
897 3283 933 3348 de
952 3287 1043 3347 car.mi
1070 3283 1128 3347 filii
1143 3284 1241 3348 nostri
1257 3282 1394 3348 Caesaris
1416 3283 1506 3348 rebus

250 3395 281 3458 et
304 3395 365 3459 tuis
388 3396 489 3460 reddit
512 3397 667 3462 sollicitos.
714 3399 750 3462 ln
774 3417 894 3464 summa
921 3398 977 3463 hoc
1001 3399 1194 3464 nobilitatem
1217 3401 1302 3464 tuam
1326 3399 1503 3464 admonebi-

250 3528 328 3587 mus,
353 3511 380 3574 si
403 3514 507 3576 nostre
530 3512 657 3578 consilia
682 3517 801 3578 secutus
825 3515 926 3593 bacris,
957 3517 988 3580 te
1010 3515 1121 3578 melius
1144 3513 1204 3580 tibi
1225 3518 1257 3579 et
1278 3515 1387 3580 Italiae
1411 3515 1504 3579 saluti

248 3627 457 3692 consulturiun
480 3647 561 3693 esse:
591 3629 670 3713 quod
693 3630 725 3694 in
749 3630 833 3696 omni
863 3633 971 3696 eventu
995 3650 1096 3695 rerum
1119 3631 1266 3695 testatum
1290 3630 1370 3713 apud
1393 3631 1423 3696 te
1448 3649 1502 3696 vo·

250 3739 364 3804 luimus
389 3743 565 3825 relinquere,

340 3852 425 3935 Quod
455 3861 580 3941 paterno
610 3863 718 3926 aflectu
747 3861 849 3944 cupidi
879 3865 910 3926 ot
940 3862 1084 3926 utilitatis
1108 3863 1139 3926 et
1167 3861 1404 3926 existimationis
1434 3864 1504 3927 tuae

250 3971 308 4034 tibi
331 3973 428 4037 arnico
451 3976 482 4038 et
506 3977 648 4041 benevolo
679 3978 779 4042 anirno
804 3978 965 4060 aperimus,
989 3977 1180 4042 nobilitatem
1204 3979 1289 4041 tuam
1313 3977 1502 4042 obtestantes

250 4088 339 4152 utin
362 4089 511 4171 optimam
541 4094 659 4174 partem
690 4095 768 4158 sicut
791 4113 846 4158 nos
870 4093 999 4158 dicimus
1023 4091 1166 4175 accipiam
1198 4112 1258 4158 non
1288 4093 1380 4171 enim,
1403 4094 1503 4158 Deum

251 4203 408 4284 testamur,
438 4207 534 4272 alium
558 4209 650 4273 finem
680 4210 831 4274 cernimus
863 4211 1016 4274 tantarum
1049 4207 1268 4286 calamitatum
1298 4227 1395 4292 neque
1418 4228 1503 4291 spem,

250 4317 343 4382 aliern
367 4322 450 4402 pacis
474 4323 596 4388 firmam
619 4327 650 4389 et
673 4325 817 4390 stabilem
840 4324 1059 4406 <cognoscimus
1089 4323 1144 4406 qui
1167 4322 1193 4386 si
1216 4323 1285 4406 quis
1308 4324 1402 4389 aliam
1426 4343 1499 4407 cog-

250 4438 388 4500 nosceret
410 4456 547 4504 essemus
570 4440 701 4526 libenter
723 4441 865 4518 audituri,
890 4437 942 4504 sed
965 4441 1068 4506 nostro
1086 4438 1198 4505 iudicio
1221 4441 1306 4506 nulla
1330 4440 1503 4523 reperietur.
