3364 5102
785 331 1031 410 -368-

283 534 399 606 ciorum
414 533 526 624 periret
540 535 650 624 maha,
668 535 779 623 quibos
795 555 884 623 super
899 536 979 604 lacto
994 534 1067 604 fidei
1080 533 1179 604 multo
1193 532 1356 622 plusquam
1370 529 1532 604 convenie-

282 656 374 723 batur
402 655 545 722 habebas.
590 653 708 721 Deinde
735 654 770 720 in
802 651 930 721 Senensi
958 653 1082 721 civitate
1111 671 1217 721 omnes
1245 652 1334 720 nobis
1363 653 1476 720 amicos
1500 654 1534 718 et

281 772 444 839 benevolos
465 771 553 838 tanta
575 771 698 837 tuorum
721 769 871 837 acerbitas
893 769 997 854 inique
1018 769 1169 836 insectata
1190 771 1246 850 est,
1274 771 1311 836 ut
1332 769 1533 837 exterminata

282 907 357 973 pene
373 887 458 960 omni
467 886 628 954 nobilitato
643 885 844 971 caedibusque
859 887 968 952 mvrltis
983 886 1082 966 laetis,
1097 885 1177 952 nihil
1192 886 1278 953 lieret
1292 886 1425 971 apertius
1440 905 1532 971 qnam

282 1023 334 1070 eas
357 1003 557 1070 contumelias
580 1004 612 1069 et
626 1002 786 1087 opprobria
801 1002 890 1069 nobis
904 1001 982 1087 ipsis
1004 1002 1145 1088 impingi,
1168 1021 1238 1070 cum
1253 1022 1308 1069 nos
1330 1002 1479 1086 patientia
1500 1002 1534 1066 et

159 1153 160 1156 π
283 1117 536 1198 dissimulatione,
566 1119 657 1204 atque
678 1121 715 1185 ut
737 1137 843 1186 omnes
866 1117 1033 1185 modestiae
1061 1120 1164 1202 partes
1187 1137 1260 1203 erga
1283 1120 1313 1185 te
1343 1137 1532 1185 servaremus

282 1236 402 1302 nullum
425 1235 547 1301 abunde
570 1235 737 1302 remedium
760 1236 807 1301 tot
821 1235 1028 1301 innocentium
1052 1234 1280 1301 calamitatibus
1303 1235 1398 1300 nisia
1419 1234 1531 1318 teipso

281 1351 521 1438 quaesissemus;
550 1349 630 1437 quod
651 1353 773 1418 tantum
800 1351 901 1417 abfuit
920 1351 957 1417 ut
985 1353 1198 1435 praestaretur,
1228 1352 1264 1415 ut
1285 1349 1419 1436 quotidie
1446 1349 1531 1435 peius
1648 1389 1649 1392 =

281 1469 372 1552 atque
394 1467 540 1546 acerbius,
563 1467 611 1533 illi
632 1467 700 1532 tum
722 1467 823 1533 clades
846 1467 1054 1534 benivolorum
1069 1468 1241 1533 nostrorum
1264 1468 1295 1532 ot
1316 1468 1455 1532 nostum
1477 1465 1530 1532 da·
1648 1555 1649 1558 Ἴ

281 1582 373 1650 decus
395 1585 616 1669 grassarentur,
639 1582 768 1649 foederis
783 1585 886 1651 auam
901 1583 999 1668 ipsius
1015 1586 1069 1648 tua
1083 1582 1206 1650 reiectio
1220 1582 1300 1667 quod
1315 1601 1370 1649 nos
1385 1602 1456 1648 cum
1471 1581 1532 1647 tuis

280 1699 452 1766 oratoribus
467 1699 675 1784 elegentibus
690 1699 868 1767 facultatem
883 1699 1067 1766 habentibus
1082 1699 1203 1780 initum,
1226 1699 1257 1764 et
1279 1697 1365 1765 adil.
1380 1698 1422 1764 fil.
1438 1697 1531 1764 nobili

281 1815 345 1883 viro
368 1813 474 1881 Carolo
497 1815 534 1882 de
556 1815 601 1881 Ia
616 1813 685 1901 Nep
707 1796 843 1901 vicerepe
866 1814 1069 1900 Neapolitano
1092 1815 1322 1901 comprobatum
1344 1816 1376 1882 et
1398 1813 1531 1880 ratifica-

279 1933 348 1998 tum
370 1949 424 2016 pro
453 1931 631 1999 firmissimo
660 1932 856 2013 habebamus,
886 1951 956 1998 cum
987 1932 1052 1999 eius
1081 1950 1142 1998 non
1164 1931 1231 1996 tam
1252 1929 1415 1997 ratificatio
1438 1932 1531 2010 abste,

279 2067 373 2134 quam
394 2047 529 2114 executio
545 2049 610 2113 sola
632 2048 854 2132 expectarstvn3
876 2047 949 2134 quid
965 2047 1089 2114 tandem
1105 2046 1164 2113 tibi
1186 2065 1260 2131 erga
1275 2065 1330 2113 nos
1354 2046 1452 2113 animi
1466 2065 1530 2113 osse
1605 2123 1607 2126 ,

280 2162 460 2244 ostenditur,
489 2182 559 2229 oum
583 2163 610 2229 si
632 2164 705 2248 quid
727 2163 760 2228 in
789 2163 843 2229 illo
867 2181 920 2247 pro
943 2165 973 2229 te
996 2163 1086 2242 esset,
1114 2162 1146 2227 id
1175 2163 1306 2228 libenter
1335 2163 1531 2235 adsciscerem

281 2280 314 2347 in
337 2299 396 2364 quo
411 2298 480 2346 vero
496 2281 550 2344 aut
565 2277 711 2364 dignitati
726 2279 847 2345 nostrae
862 2279 916 2345 aut
938 2277 1095 2345 commodo
1111 2278 1317 2357 inserviretur,
1338 2279 1372 2345 id
1386 2279 1530 2346 iniectum

281 2396 464 2479 irritumque
479 2394 650 2460 dimitteres
666 2393 758 2460 sicuti
771 2393 805 2459 in
820 2393 868 2474 iis,
891 2413 967 2478 quae
991 2393 1156 2478 separatim
1172 2394 1319 2478 stipulata
1342 2393 1473 2472 fuerunt,
1496 2393 1531 2458 de

282 2511 389 2597 spoliis
403 2511 435 2578 et
449 2509 641 2576 restitutione
656 2511 815 2588 terramm,
832 2511 862 2576 et
884 2510 1016 2576 locorum
1034 2509 1122 2577 Sedis
1145 2509 1328 2594 apostolieae
1344 2510 1530 2594 aliorumque

282 2627 484 2713 quorumdam
498 2625 667 2710 repudiatio
683 2627 736 2691 tua
751 2625 925 2692 declaravit
964 2623 1029 2705 Quo
1044 2625 1138 2692 etiam
1154 2627 1266 2692 eventu
1286 2645 1348 2693 non
1362 2627 1462 2692 solnm
1476 2644 1530 2710 pe·

281 2743 386 2810 eunias
402 2743 531 2821 nostras,
546 2741 684 2827 expecto
699 2742 846 2808 convento
861 2761 922 2808 non
936 2741 1189 2826 recuperavimus,
1204 2761 1308 2808 verum
1325 2743 1419 2809 stiam
1428 2743 1532 2809 eontra

280 2857 465 2944 promissum
488 2859 519 2922 et
532 2856 625 2924 fidem
647 2857 752 2923 datam
767 2855 914 2924 exercitus
937 2857 984 2923 tui
1005 2857 1085 2923 bona
1106 2875 1177 2941 pars
1193 2856 1225 2922 in
1250 2855 1279 2924 S.
1295 2857 1331 2924 a
1346 2858 1380 2924 a
1403 2858 1479 2924 loeis
1501 2859 1532 2923 et

280 2974 371 3040 terris
392 2991 484 3058 prope
506 2970 628 3038 assidue
642 2975 763 3039 versata
785 2973 841 3053 est,
863 2972 960 3038 tantis
982 2973 1014 3039 et
1035 2974 1101 3038 tam
1116 2973 1263 3056 gravibus
1283 2972 1405 3039 iniuriis
1423 2974 1455 3039 et
1475 2972 1529 3038 de-

280 3089 435 3155 trimentis
459 3087 650 3155 eubditorum
673 3089 855 3166 nostrorum,
885 3089 920 3154 ut
942 3087 1132 3154 crudelitatis
1155 3088 1186 3153 et
1215 3088 1362 3155 avaritiae
1384 3091 1416 3154 et
1437 3089 1529 3154 innu-

280 3204 475 3272 merabilium
498 3204 654 3283 scelerum,
677 3222 712 3269 ac
726 3202 881 3270 inauditae
903 3203 1108 3269 immanitatis
1123 3203 1281 3271 horribilis
1304 3204 1346 3270 sit
1360 3206 1392 3270 et
1407 3204 1530 3270 auribus

280 3319 424 3386 humanis
446 3319 650 3386 intolleranda
671 3318 933 3396 commemorati03
966 3318 999 3383 in
1021 3319 1066 3385 eis
1089 3319 1321 3399 conditionibus,
1352 3339 1429 3406 quae
1451 3319 1530 3386 inter

281 3436 477 3503 serenitatem
492 3438 578 3501 tuam
593 3436 625 3502 et
639 3451 760 3501 earsnum
778 3434 811 3500 in
821 3433 942 3500 Christo
951 3435 1051 3501 filium
1066 3435 1205 3502 nostrum
1216 3435 1411 3502 Franciscum
1427 3454 1529 3522 regem

280 3551 571 3619 christianissimum
604 3549 685 3637 apud
706 3552 738 3616 te
766 3550 948 3618 enatantem
976 3552 1195 3632 habebantur,
1225 3553 1259 3616 ut
1281 3551 1319 3618 de
1341 3552 1406 3618 illis
1433 3553 1530 3619 nostri

278 3666 377 3753 legati
398 3668 429 3732 et
450 3665 553 3733 nuntii
574 3667 628 3733 aut
649 3665 772 3750 penitus
802 3667 972 3733 celarentur
994 3670 1048 3733 aut
1070 3667 1119 3734 vix
1142 3668 1233 3753 atque
1256 3686 1354 3753 aegre,
1378 3687 1448 3734 enm
1470 3667 1529 3753 ipsi

280 3783 415 3850 studiose
435 3781 624 3867 inquirerent
652 3781 689 3849 de
710 3780 877 3849 levissimis
900 3781 1064 3864 doceretur,
1094 3785 1125 3849 et
1146 3802 1243 3868 neque
1265 3801 1302 3849 ea
1324 3803 1401 3868 quae
1424 3784 1528 3851 auditu

279 3901 332 3965 aut
361 3897 532 3964 coniectura
560 3897 813 3981 assequebantur,
842 3897 882 3963 ad
912 3917 967 3964 nos
996 3899 1126 3965 scribere
1155 3899 1411 3983 permitterentur.
1463 3897 1527 3980 Quo

279 4013 402 4100 quidem
424 4014 560 4097 ampore
581 4012 751 4078 maximum
773 4013 903 4079 dabatur
925 4013 1048 4098 signum
1064 4015 1135 4082 tuae
1157 4017 1188 4081 et
1210 4033 1228 4079 a
1247 4015 1336 4082 nobis
1359 4016 1476 4083 alienae
1497 4017 1529 4083 et

278 4128 351 4195 fidei
372 4129 494 4194 nostrae
508 4127 683 4212 derogantis
699 4127 874 4195 voluntatis.
898 4127 1053 4196 Mittimus
1067 4129 1304 4196 innumerabilia
1318 4131 1387 4212 alia
1410 4133 1444 4199 in
1458 4133 1527 4217 qui-

279 4245 336 4311 bus
359 4244 505 4311 nonnulla
519 4243 622 4331 inique
644 4243 752 4310 habita
767 4245 814 4310 est
829 4243 906 4309 ratio
929 4263 984 4310 nee
998 4244 1122 4311 honoris
1139 4264 1195 4311 nec
1209 4247 1377 4313 voluntatis
1399 4250 1528 4314 nostae.

278 4358 327 4426 Ad
348 4359 419 4425 illas
435 4359 519 4444 ipsas
540 4359 647 4426 literas
662 4379 738 4445 quas
761 4360 845 4426 adta
868 4360 933 4426 tam
949 4362 1080 4427 humane
1103 4362 1134 4426 et
1155 4361 1324 4428 liberaliter
1340 4363 1526 4446 scripsimus,

277 4475 323 4542 ita
345 4494 523 4562 responsum
546 4495 564 4541 a
587 4477 618 4541 te
640 4477 688 4542 est
710 4477 746 4541 ut
768 4475 820 4542 ubi
843 4475 1037 4542 elementiam
1060 4476 1130 4543 duci
1152 4475 1318 4544 Mediolani
1340 4479 1528 4562 petebamus,
