3366 5084
688 315 912 380 -31-

172 507 347 574 animarum
369 508 408 573 ad
423 527 553 592 quarum
566 505 623 574 nos
637 508 721 574 Deus
744 527 850 572 curam
863 507 965 590 elegit,
987 507 1136 590 quantum
1151 525 1221 574 cum
1235 506 1300 572 Deo
1314 525 1424 590 possu-

174 643 243 690 mus
258 604 381 690 obiiare
396 623 612 703 desideremus,
634 623 810 689 huiusmodi
825 622 1097 706 supplicationum
1110 622 1259 702 inclinati,
1274 622 1425 706 praefatos

173 740 401 806 commissarios
429 758 464 804 ao
494 739 707 824 subdelegatos
737 740 775 804 ab
804 739 864 816 eis,
895 739 931 803 ot
948 738 1025 802 alios
1056 737 1202 804 officiales
1225 757 1244 803 a
1267 739 1425 822 quibusvis

173 854 457 922 excomunicationis
487 854 695 938 suspensionis
718 856 749 920 et
770 838 926 919 interdicti
955 853 1085 937 aliisque
1114 853 1328 920 ecciesiasticis
1353 872 1423 920 sen·

172 971 277 1037 tentiis
300 971 436 1036 censuris
459 972 491 1035 et
511 970 607 1054 penis,
639 969 666 1035 si
689 988 764 1054 quas
787 969 1025 1052 praemissorum
1048 969 1204 1034 occasione
1225 970 1424 1046 incurrerunt,

172 1086 281 1152 harum
305 1087 381 1152 serie
396 1087 588 1152 absolventes
603 1087 635 1151 et
649 1087 805 1152 absolutos
828 1085 891 1150 iore
914 1085 1080 1162 sementes,
1103 1084 1311 1169 indulgentias
1334 1103 1424 1168 prae-

171 1201 252 1266 fatos
273 1203 340 1268 bun
362 1219 416 1284 pro
438 1202 573 1267 cruciata
595 1220 688 1286 qnam
711 1201 793 1266 dicta
823 1201 1013 1284 reparatione
1036 1200 1181 1266 basilicae
1205 1199 1256 1266 Sei
1281 1201 1367 1266 Petri
1388 1201 1425 1266 de

173 1317 246 1383 urbe
268 1317 403 1401 tempore
419 1316 627 1401 suspensionis
644 1317 815 1401 praedictae
831 1317 1002 1400 publicatas
1025 1335 1182 1382 concessas
1198 1318 1229 1382 et
1243 1316 1425 1383 distributas

174 1433 376 1517 approbamus
399 1434 431 1498 et
446 1433 670 1512 confirmamus,
693 1433 825 1516 illasque
846 1451 941 1516 usqne
956 1432 995 1496 ad
1010 1432 1194 1516 vigesimum
1213 1433 1294 1498 dem
1309 1432 1426 1499 mensis

172 1547 340 1614 decembris
362 1548 496 1631 proxime
525 1549 622 1614 iirturi
643 1549 768 1632 proinde
797 1549 897 1614 solem
920 1547 1122 1626 decernimus,
1148 1567 1184 1614 ao
1211 1547 1237 1612 si
1267 1547 1426 1630 suspensio

172 1663 326 1748 praedicta
349 1682 367 1728 a
389 1664 478 1730 nobis
501 1665 643 1730 emanata
672 1683 733 1730 non
755 1663 874 1742 fuisset,
903 1665 934 1729 ot
955 1663 1157 1730 nihilominus
1179 1663 1372 1747 questoribus
1395 1664 1427 1728 et

172 1779 242 1844 aliis
265 1777 457 1858 officialibus,
486 1781 522 1844 ut
550 1779 635 1844 iuxta
665 1781 801 1846 tenorem
834 1779 985 1845 dictam
1015 1779 1188 1845 litterarum
1218 1797 1373 1844 summam
1395 1779 1426 1843 ot

171 1894 375 1978 quantitatem
390 1893 590 1960 distributam
604 1895 643 1960 ab
657 1895 785 1979 illisqui
800 1894 977 1962 huiusmodi
991 1895 1108 1978 gratias
1123 1894 1292 1978 amsperint
1307 1894 1425 1977 exigere

171 2011 205 2075 ot
231 2028 406 2092 recuperare
434 2010 555 2102 possint
584 2011 750 2094 apostolico
786 2011 966 2076 auctoritate
997 2009 1156 2076 licentium
1184 2011 1215 2078 et
1246 2009 1426 2080 facultatem

171 2125 364 2190 concedimus
386 2144 439 2208 per
462 2127 645 2208 praesentes.
683 2124 754 2192 Non
777 2127 970 2192 obstantibus
993 2125 1263 2192 constitutionibus
1286 2127 1317 2190 et
1339 2124 1422 2190 ordi-

169 2239 345 2306 nationibus
360 2240 543 2323 apostolicis‚
558 2241 724 2326 ceterisque
739 2241 899 2308 contrariis
914 2242 1161 2325 quibuscumque.
1177 2242 1293 2306 Datum
1308 2242 1423 2306 Romae

170 2355 220 2422 die
241 2375 280 2422 xv
302 2353 487 2422 Novembris
509 2355 655 2422 mclxxiiii.
700 2357 788 2422 Anno
810 2357 909 2442 primo
931 2395 976 2406 -

521 2472 611 2538 rinno
632 2472 731 2556 primo
753 2472 893 2538 mdxriiii

575 2607 623 2654 rs.
647 2587 831 2654 Novembris

522 2703 582 2768 Pro
606 2703 800 2769 serenissimo
822 2722 892 2788 rege
914 2704 1121 2770 Romanorum

336 2841 359 2883 o
382 2828 466 2903 tergo
523 2816 620 2903 Super
641 2818 841 2904 indulgentiis
863 2819 897 2884 in
920 2820 984 2885 suis
1006 2819 1081 2886 iocis
1104 2820 1256 2886 concessis

567 2933 717 3018 Apertum

567 3049 767 3134 Duplicatum

568 3165 774 3248 Triplicatum

774 3365 826 3432 23.

384 3529 522 3590 Dilecto
538 3530 616 3590 nno·
626 3529 795 3604 Philippo
811 3529 860 3589 de
872 3522 1222 3608 villierslisuodam1)

357 3640 527 3724 Hospitalis
558 3637 609 3705 su
633 3638 763 3704 ioannis
793 3638 1057 3707 unonsolimicn
1085 3637 1244 3722 Magistro.

494 3808 608 3894 Magno
630 3807 731 3874 Rhodi
753 3805 911 3891 Magistro.

262 3949 381 4034 Dilecta
403 3949 464 4016 fiii:
488 3949 629 4016 dilatum
652 3951 739 4038 nobis
762 3951 810 4015 est
832 3949 979 4014 dilectum
993 3949 1092 4016 filium
1109 3949 1282 4016 Fabritium
1305 3951 1422 4036 Pigna-

171 4065 287 4152 tesspm
306 4065 433 4150 bitrem
449 4064 500 4132 sa·
518 4047 651 4170 Joaunis
671 4064 794 4154 ordinis
806 4065 952 4138 minans
968 4067 1002 4132 et
1021 4066 1154 4149 priorem
1169 4066 1326 4137 Barleitae
1350 4067 1429 4132 sicut

268 4259 287 4328 ¹)
305 4262 428 4324 Phiiippus
442 4263 471 4311 de
484 4261 576 4312 villiers
589 4265 618 4312 (le
629 4263 699 4312 l'lele
716 4264 790 4328 Adam
808 4263 906 4311 ultimus
918 4277 1016 4321 magnus
1028 4265 1141 4320 magister
1154 4263 1296 4312 Rhodiorum
1316 4267 1429 4322 equiturn,

171 4363 214 4421 qni
227 4359 326 4409 Rhodon
336 4375 421 4418 masna
432 4362 521 4409 virtute
532 4365 615 4410 contra
625 4361 710 4410 turcas
722 4361 834 4420 defendit,
847 4375 894 4410 non
908 4361 1001 4411 ridetnr
1012 4363 1156 4420 acquievisse
1171 4363 1281 4422 precibus
1286 4361 1427 4417 clementis:

170 4473 221 4509 non
240 4460 302 4508 anim
320 4460 383 4508 inter
400 4459 490 4519 priores
508 4459 629 4507 berlettse
646 4459 778 4508 invenimus
796 4459 929 4508 Marcellum
948 4458 1091 4508 colamnam·
