3396 5090
738 232 983 300 ,134-

233 445 303 491 mus
327 426 449 510 quidem
472 425 601 507 litteras,
632 427 685 492 sed
707 427 818 512 quibus
840 427 941 512 magis
964 427 1058 494 etiam
1080 427 1129 492 illi
1151 426 1221 494 duci
1242 427 1433 494 concordiam
1456 431 1490 494 et

233 543 377 608 unionem
399 562 469 609 oum
492 541 605 608 Sancta
627 542 703 610 Sede
733 543 899 627 apostolica
928 542 1162 628 christianisque
1189 543 1377 628 principibus
1399 561 1487 610 com·

232 658 461 738 mandabamus,
484 678 612 744 eumque
633 660 842 726 invitabamus
865 658 1085 744 quodammodo
1108 660 1143 725 ut
1165 659 1254 726 nobis
1284 659 1381 745 ipsius
1404 659 1486 726 ami-

233 773 338 840 citiam
354 775 386 840 et
400 775 642 842 coniunctionem
664 775 877 859 appetentibus
893 793 925 842 se
940 775 1108 860 benignum
1124 775 1155 842 et
1179 775 1301 842 facilem
1324 775 1488 842 exhiberet

235 887 352 972 Quibus
374 891 487 956 litteris
503 891 643 958 effectum
666 892 722 972 est,
744 892 780 957 ut
801 890 861 956 dux
883 891 948 977 ipse
963 890 1137 958 Moscorum
1159 891 1315 958 hominem
1338 909 1427 957 suum
1447 890 1489 957 sd

234 1025 289 1073 166
312 1025 381 1073 cum
404 1007 517 1074 litteris
532 1007 678 1087 1111116161
701 1026 865 1093 praesopus
888 1008 980 1075 161161
1003 1007 1187 1074 desiderium
1202 1008 1358 1075 faciendae
1380 1007 1486 1076 nobis-

233 1143 304 1189 eum
318 1123 547 1205 coniunctionis,
570 1123 695 1191 modum
710 1126 814 1192 autem
836 1125 866 1190 st
882 1124 1045 1191 consilium
1068 1143 1086 1190 6
1103 1125 1190 1190 nobis
1206 1127 1370 1209 quaereret.
1403 1123 1488 1206 Quas

233 1257 282 1306 res
313 1241 459 1307 hactenus
488 1258 550 1306 non
579 1239 756 1307 dubitamus
787 1240 945 1307 serenitati
974 1243 1045 1306 tuae
1074 1240 1170 1307 fuisse
1198 1243 1303 1317 notam
1333 1241 1423 1325 atque
1452 1259 1488 1307 66

234 1355 328 1420 etiam
359 1356 491 1422 notiores
520 1355 601 1441 quod
629 1357 778 1422 ambobus
809 1356 874 1422 illis
894 1357 928 1422 et
950 1357 1047 1422 Paulo
1077 1357 1108 1422 et
1130 1357 1286 1423 Demetrio
1308 1355 1412 1422 Mosco
1434 1376 1488 1439 per

233 1471 321 1556 regni
342 1471 389 1537 tui
411 1471 550 1558 regiones
565 1472 803 1552 transeuntibus,
826 1473 949 1538 tantum
962 1473 998 1538 tu
1015 1472 1219 1538 humanitatis
1241 1474 1272 1538 et
1293 1471 1489 1539 liberalitatis

234 1589 338 1654 nostra
368 1607 459 1654 66166
489 1588 663 1669 exhibuisti,
695 1588 730 1654 ut
752 1606 806 1674 pro
835 1588 896 1653 isto
918 1588 971 1654 tuo
994 1588 1165 1672 praestanti
1193 1587 1292 1654 officio
1321 1588 1488 1654 maximam

236 1722 353 1788 quoque
375 1703 510 1788 grabam
539 1705 609 1770 tuae
633 1707 710 1770 seru
735 1723 790 1770 noe
819 1702 928 1770 debera
956 1702 1160 1786 profiteamur.
1206 1705 1337 1770 Paulum
1365 1703 1488 1788 quidam

234 1819 345 1903 ipsum,
362 1818 434 1886 licet
456 1838 517 1886 non
532 1819 635 1886 nostor
649 1819 741 1885 homo
756 1820 838 1885 essct
860 1817 913 1884 sed
936 1837 990 1884 suo
1006 1819 1129 1885 nomine
1150 1819 1209 1885 iter
1227 1819 1361 1899 haberet
1384 1819 1488 1884 tamon

235 1935 379 2019 quoniam
402 1936 456 2001 ille
477 1953 590 2001 nomon
611 1936 752 2001 nostrum
773 1935 808 2000 in
829 1935 1065 2000 necessitatibus
1089 1935 1153 2000 suis
1176 1933 1257 2019 apud
1278 1935 1310 2001 te
1332 1933 1487 2019 praetulit,

235 2050 308 2136 quid
329 2051 379 2116 illi
393 2050 490 2117 defuit
511 2050 574 2117 ullo
588 2051 622 2116 in
643 2069 754 2135 genere
770 2049 986 2117 'beneficentiae
1008 2053 1087 2130 tuae,
1110 2049 1190 2135 quod
1204 2050 1254 2116 161
1276 2050 1363 2115 affini
1385 2052 1488 2116 nostro

234 2167 388 2253 praestare
416 2167 591 2252 potuisses?
635 2167 752 2232 Verum
780 2165 855 2232 haec
884 2167 973 2232 erunt
1001 2166 1095 2232 111116
1123 2166 1157 2232 in
1186 2166 1289 2232 animo
1318 2168 1421 2232 nostro
1450 2165 1489 2230 ad

235 2283 415 2349 memoriam
437 2283 507 2350 tuae
529 2281 733 2349 humanitatis
765 2283 991 2365 sempiternam.
1037 2281 1120 2347 lllud
1142 2282 1222 2367 quod
1244 2281 1284 2346 ad
1313 2283 1488 2368 susceptum

235 2398 395 2484 negocium
423 2398 564 2483 pertinet,
594 2417 664 2464 cum
694 2398 750 2465 hoc
778 2398 926 2482 principio
956 2397 1110 2464 amicitiae
1138 2399 1169 2464 et
1198 2397 1381 2482 cognitionis
1409 2397 1489 2462 facto

239 2514 455 2600 Demetrioque
469 2515 537 2600 ipso
552 2513 664 2594 audito,
674 2514 878 2599 cogitaremus
895 2515 991 2580 solere
1005 2515 1105 2581 Deum
1114 2513 1292 2598 quandoque
1309 2533 1345 2579 61
1360 2513 1490 2578 minima

239 2630 374 2697 scintilla
396 2631 482 2716 parvi
504 2631 576 2698 boni
591 2630 760 2696 maximum
783 2629 943 2696 charitatis
966 2631 1095 2696 conflare
1110 2629 1293 2710 incendium,
1316 2647 1378 2695 non
1400 2627 1488 2694 duxi·

237 2765 307 2812 mus
334 2747 522 2812 occasionem
553 2745 846 2831 pretermittendum,
876 2765 912 2811 aa
934 2747 969 2811 ut
990 2746 1125 2831 primum
1155 2745 1311 2829 potuimus
1341 2744 1489 2830 elegimus

237 2881 303 2929 161
325 2861 453 2928 fratrem
466 2862 489 2929 J
489 2880 618 2928 oannem
636 2863 832 2928 Franmscum
855 2861 1030 2946 episcopum
1047 2859 1224 2928 Scarensem
1239 2862 1340 2927 virum
1362 2861 1490 2945 probum

238 2979 270 3044 61
290 2977 470 3062 prudentem
492 2979 524 3044 61
545 2977 677 3058 doctum,
700 2979 734 3042 in
755 2977 879 3062 magnis
901 2978 992 3043 rebus
1011 2996 1080 3042 cnm
1103 2976 1193 3043 laude
1215 2978 1247 3042 et
1268 2976 1385 3060 optima
1406 2975 1490 3042 fama

239 3094 409 3174 versatum,
437 3093 487 3159 oui
508 3112 564 3160 166
592 3113 740 3178 magnam
762 3093 854 3159 fidem
876 3093 1041 3172 habemus,
1070 3111 1162 3176 quem
1191 3092 1354 3178 adipsum
1383 3091 1489 3158 ducem

238 3207 409 3276 Moscoviec
423 3208 615 3276 mitteremus
630 3209 670 3274 ad
684 3207 866 3275 1611611111
881 3208 912 3274 61
927 3207 1141 3293 experiendum
1157 3207 1184 3273 si
1198 3208 1276 3274 forte
1290 3208 1374 3275 Deru
1390 3205 1490 3273 studio

239 3325 335 3392 animi
357 3325 455 3390 nostri
477 3325 621 3410 flagranti
643 3325 683 3390 ad
706 3325 755 3390 sui
776 3324 910 3390 nominis
925 3325 1071 3390 honorem
1093 3326 1124 3391 et
1146 3324 1382 3390 christianitatis
1404 3342 1489 3390 eom-

239 3441 373 3522 modum,
394 3441 528 3526 aliquem
543 3440 705 3526 aliquando
721 3439 886 3506 feliciorem
910 3439 1026 3506 auitum
1041 3435 1215 3506 nostrorum
1237 3441 1401 3507 conatuum
1415 3457 1489 3505 con-

238 3557 341 3624 cedere
369 3557 553 3642 dignaretur.
606 3556 690 3623 Nam
719 3556 817 3622 adhuc
846 3555 969 3640 quidam
998 3575 1067 3623 cum
1097 3557 1203 3622 nostru
1231 3555 1335 3622 omnia
1363 3555 1490 3622 66161116

238 3674 328 3758 atque
357 3675 426 3739 acta
455 3692 573 3758 sempor
595 3674 635 3740 61
662 3671 747 3756 pacis
769 3672 800 3736 et
822 3670 980 3756 religionis
1003 3673 1034 3737 et
1056 3671 1128 3738 fidei
1157 3670 1325 3738 catholicae
1355 3670 1490 3736 studium

238 3789 269 3855 et
292 3787 495 3854 stabilitatem
516 3790 548 3855 et
570 3789 782 3854 ornamentum
805 3785 1032 3867 contulerimus,
1055 3805 1164 3871 pamm
1186 3804 1345 3871 prosperos
1364 3785 1491 3852 6161116

239 3922 345 3970 sumus
367 3904 490 3987 experti,
513 3905 699 3990 repugnante
714 3903 828 3970 nostris
843 3903 903 3988 piis
919 3902 1077 3969 desideriis
1101 3903 1149 3968 161
1172 3903 1304 3987 procella
1318 3903 1489 3986 temporum

238 4017 355 4085 161116
377 4019 436 4084 Dei
458 4018 561 4086 debita
583 4039 675 4104 quam
697 4020 745 4086 tot
766 4020 890 4104 peccata
911 4019 1017 4085 nostra
1038 4019 1243 4097 concitanmt;
1267 4037 1364 4104 nequa
1386 4019 1491 4085 161161

239 4133 417 4201 1661611116
440 4154 583 4202 61111616
611 4135 761 4202 destituri.
807 4131 928 4201 Scimus
951 4134 1033 4203 euim
1063 4135 1117 4220 qui
1138 4135 1230 4202 dixit:
1269 4132 1329 4217 Qui
1350 4151 1490 4220 perseve-

239 4250 352 4318 raverit
373 4250 424 4316 hic
440 4251 542 4316 salvus
558 4251 624 4317 erit
661 4250 734 4319 Non
748 4268 855 4317 sumus
871 4249 959 4337 digni
980 4251 1121 4318 fortassis
1137 4252 1225 4319 tanta
1239 4249 1366 4318 Domini
1380 4249 1490 4335 gratia,

241 4366 273 4431 at
296 4366 409 4433 6111166
432 4383 495 4433 161
515 4365 637 4452 indigni
657 4366 744 4435 illius
765 4365 982 4450 misericordia,
1010 4367 1065 4454 qui
1086 4367 1225 4436 conscius
1247 4367 1344 4436 bonae
1371 4365 1494 4435 1661166
