3380 5088
811 341 1055 410 -252-

310 534 372 601 tela
396 537 655 614 converterentrr;
678 535 711 602 in
734 556 788 604 nos
811 537 894 605 enim
916 540 1001 606 omni
1024 560 1060 607 er
1082 543 1169 625 parta
1191 542 1238 609 ris
1260 543 1383 610 hostilis
1407 545 1487 612 solos
1510 545 1564 612 in·

311 653 424 734 cubuit,
447 673 517 720 cum
540 672 601 720 uon
622 656 658 720 ut
680 654 864 722 debebamur
885 656 1018 740 profecto
1041 658 1296 727 acoufaederatis
1319 661 1424 740 adiuti,
1447 664 1567 729 nostris

310 773 450 840 humeris
469 790 644 857 cogeremur
666 789 756 837 omne
779 771 895 855 pondus
917 773 1056 856 perferre,
1080 775 1124 840 ita
1146 777 1178 842 et
1200 778 1313 844 nostris
1336 779 1368 844 et
1381 779 1567 863 populorum

311 891 486 957 nostrorum
508 887 693 975 quotidianis
716 889 917 955 incommodis
941 889 1133 959 detrimentis
1155 892 1346 978 luctibusque
1370 896 1477 974 vexati,
1508 915 1564 962 er-

311 1006 501 1090 pectavimus
523 1005 668 1070 ultimum
690 1023 783 1089 prope
805 1006 978 1085 discrimen,
1007 1007 1081 1072 dum
1105 1009 1240 1078 hostium
1263 1012 1394 1078 exercitu
1422 1012 1566 1096 ingresso

311 1135 343 1199 iu
367 1133 528 1202 Hetruriae
554 1133 741 1201 invadendae
763 1134 854 1213 mam,
884 1135 1001 1217 patriae
1022 1136 1144 1201 nostrae
1167 1133 1197 1196 et
1219 1131 1305 1197 omni
1332 1127 1439 1195 deinde
1467 1129 1565 1194 statui

250 1259 255 1270 '
312 1251 517 1317 ecclesiastico
547 1251 740 1317 vehementer
769 1252 877 1317 timere
907 1251 1050 1336 cepimus,
1081 1252 1254 1336 multasque
1278 1251 1411 1318 vidimus
1433 1269 1500 1318 esse
1523 1248 1564 1314 ad

313 1367 485 1434 timendum
500 1387 617 1446 causas,
640 1367 876 1452 adoperandum
900 1367 962 1434 fere
984 1369 1109 1434 uulhm.
1155 1369 1192 1434 In
1215 1369 1296 1435 huuc
1316 1369 1417 1435 locum
1440 1368 1563 1436 adducti

312 1484 450 1551 inducias
467 1503 536 1549 cum
551 1485 700 1564 caesareis
715 1484 842 1552 ducibus
865 1487 896 1550 et
911 1485 1139 1568 suspensionem
1156 1485 1229 1552 belii
1244 1485 1435 1564 admisimus,
1458 1484 1565 1570 aequis

313 1601 491 1685 praesertim
516 1603 547 1666 et
568 1601 705 1666 honestis
733 1599 956 1667 conditionibus
978 1601 1110 1681 invitati,
1139 1621 1174 1668 er
1197 1603 1307 1686 quibus
1330 1602 1469 1669 videmur
1490 1621 1563 1684 per-

312 1718 427 1802 spicere
440 1719 518 1786 bene
533 1719 706 1802 promptam
730 1737 796 1783 esse
812 1715 949 1799 Caesaris
973 1718 1011 1784 ad
1027 1737 1219 1784 communem
1242 1739 1347 1803 pacem
1363 1719 1561 1786 voluntatem.

311 1833 370 1901 Sed
393 1835 472 1919 quod
495 1854 550 1901 nos
574 1853 695 1900 summa
717 1835 883 1900 necessitas
912 1837 948 1900 ut
974 1836 1141 1902 faceremus
1165 1836 1303 1919 impulit,
1333 1836 1365 1901 id
1387 1837 1563 1919 optaremus

310 1952 451 2018 omnibus
467 1952 581 2035 nostris
597 1950 795 2017 confederatis
819 1952 921 2017 venire
936 1951 967 2017 in
991 1953 1134 2030 mentem,
1158 1954 1192 2016 ut
1214 1953 1271 2017 hac
1286 1953 1407 2036 acceptu
1431 1971 1561 2035 suspen-

311 2069 395 2135 sione
417 2068 544 2135 consilia
567 2067 737 2135 communis
766 2069 849 2152 pacis
871 2069 1029 2146 mirentur,
1059 2069 1098 2136 ad
1121 2087 1213 2152 quam
1235 2067 1426 2134 trmtandam
1450 2069 1481 2134 et
1503 2069 1560 2133 ho-

311 2185 496 2252 nestissimis
520 2185 658 2250 omnium
680 2183 904 2252 conditionibus
926 2184 1145 2268 procurandam
1160 2203 1216 2250 nos
1239 2204 1400 2268 personam
1424 2185 1560 2250 nostram

310 2303 375 2367 mat
396 2301 434 2366 ad
457 2319 579 2366 omnem
608 2301 727 2367 itineris
749 2303 781 2367 et
801 2301 954 2367 tractandi
982 2301 1118 2367 laborem
1148 2319 1293 2384 exponere
1317 2320 1422 2366 sumus
1452 2299 1561 2384 parati.

310 2415 409 2496 Quam
433 2418 570 2484 nostram
592 2418 728 2483 menam
750 2419 786 2482 ut
807 2417 915 2483 nob.tls
937 2419 999 2494 tua,
1023 2417 1108 2482 cuius
1123 2417 1232 2482 virtuti
1254 2419 1285 2482 et
1300 2415 1446 2500 aequitati
1462 2417 1561 2499 pluri-

310 2553 397 2599 mum
411 2531 584 2606 tribuimus,
599 2533 630 2598 et
644 2532 712 2616 ipsa
734 2533 880 2618 agnoscat
894 2534 925 2598 et
940 2533 993 2598 ubi
1008 2552 1083 2616 opus
1097 2551 1163 2598 esse
1178 2531 1289 2598 viderit
1310 2531 1343 2597 in
1359 2551 1425 2598 eam
1442 2533 1559 2616 partem

310 2647 526 2732 interpretetur
539 2649 572 2713 in
587 2667 679 2733 quam
702 2651 750 2714 eet
771 2667 789 2714 a
810 2649 899 2715 nobis
923 2649 1063 2732 suscepta
1086 2648 1279 2715 vehementer
1294 2647 1420 2714 eandem
1444 2648 1560 2714 mbae

312 2767 397 2830 tuam
420 2764 625 2830 adhortamur.
671 2762 822 2831 Novimus
852 2763 924 2849 quid
947 2764 1046 2849 poesis
1069 2764 1256 2843 auctoritate,
1287 2765 1437 2847 quantum
1459 2763 1560 2828 valeas

311 2881 479 2964 prudentia.
526 2879 559 2946 Si
574 2899 629 2946 nos
652 2879 768 2964 optimo
791 2881 893 2946 animo
916 2881 1019 2947 omnia
1034 2881 1095 2946 ista
1117 2881 1246 2964 egimus,
1271 2879 1297 2944 si
1321 2881 1352 2946 et
1366 2879 1437 2945 tinia
1461 2881 1560 2945 rectus

310 2999 358 3062 est
379 2997 411 3062 et
433 3016 524 3062 causa
539 2997 642 3063 extitit
663 2998 842 3076 necessaria,
865 2997 951 3063 decet
972 2998 1088 3063 nobam
1106 2998 1191 3062 tuam
1214 2996 1347 3078 accipere
1362 2995 1394 3060 iu
1411 2995 1558 3079 optimam

310 3113 459 3179 rationem
482 3131 557 3196 quae
580 3112 753 3180 iustissima
769 3114 885 3180 ratione
908 3113 989 3178 iacta
1013 3115 1093 3190 sunt,
1116 3115 1207 3196 atque
1221 3112 1266 3176 ita
1289 3109 1463 3195 accipienda
1481 3110 1559 3194 apud

311 3231 424 3295 ceteros
454 3247 559 3295 omnes
588 3247 755 3312 procurare.
801 3229 838 3293 In
868 3247 926 3311 quo
956 3246 1044 3311 opere
1073 3227 1240 3310 plurimum
1270 3228 1301 3291 et
1330 3226 1443 3292 sibiet
1472 3225 1558 3290 nobis

311 3346 433 3428 Deoquo
456 3343 548 3410 simul
571 3363 606 3410 ac
628 3343 751 3410 veritati
767 3344 960 3409 satisfactura
984 3345 1039 3409 est.
1087 3343 1172 3410 Sicut
1186 3343 1279 3408 latius
1303 3361 1374 3407 cum
1388 3359 1424 3407 ea
1447 3341 1559 3406 nostris

310 3459 411 3525 uerbis
433 3458 514 3524 idem
537 3458 663 3526 nuntius
691 3459 792 3525 noster
815 3461 886 3543 aget
908 3460 957 3525 cui
979 3459 1035 3525 illa
1057 3458 1147 3524 iidem
1178 3458 1311 3524 habebit.
1356 3457 1472 3522 Datum
1496 3457 1558 3523 Ro-

311 3593 378 3640 mae
400 3575 456 3640 etc.
479 3573 528 3640 die
550 3573 650 3640 xxviii.
674 3574 780 3640 Martii
801 3575 943 3641 mdrrvii.
989 3575 1077 3640 Anno
1100 3576 1214 3658 quarm.

399 3733 528 3802 Caesari.
545 3773 588 3783 -
604 3736 662 3801 Pro
685 3737 846 3802 Franciscc
869 3736 1007 3821 episcopo
1024 3733 1233 3800 salamantino
1256 3734 1289 3799 in
1312 3734 1395 3800 curia
1417 3733 1559 3818 degente:

312 3853 345 3916 ut
367 3871 437 3917 eum
452 3851 485 3916 iu
508 3869 595 3916 suam
611 3851 744 3935 gratiam
767 3852 893 3936 recipiat
915 3852 1001 3936 eique
1024 3850 1140 3915 fructus
1156 3849 1299 3916 ecclesiae
1323 3869 1394 3914 suae
1410 3851 1559 3914 restituat.

311 4003 354 4012 -
377 3967 492 4032 Romae
514 3985 559 4031 rr.
583 3966 699 4050 Aprilis
721 3965 863 4032 mdrrvii.
909 3965 997 4032 Auno
1020 3968 1134 4049 quarto.
1250 3975 1253 3980 '

892 4095 989 4102 ...η-.-

399 4151 513 4218 Joanni
535 4151 672 4219 Mattheo
702 4153 841 4235 episcopo
863 4152 1039 4218 Veronensi.
1070 4189 1114 4200 -
1144 4151 1311 4217 Constituit
1335 4169 1404 4216 eam
1427 4149 1560 4234 pontifex

313 4286 401 4332 suum
417 4285 451 4331 ac
462 4264 549 4332 Sedis
564 4266 747 4350 apostolicas
762 4267 904 4333 nuntium
919 4267 1003 4351 pacis
1019 4266 1194 4333 tractandae
1209 4267 1310 4351 gratia
1325 4265 1363 4331 ad
1379 4265 1559 4331 christianos

312 4382 344 4447 et
365 4380 443 4447 alios
465 4381 625 4466 principes,
652 4382 832 4466 praesertim
855 4381 894 4448 ad
916 4379 1057 4448 Oarolam
1087 4381 1169 4466 imp,
1198 4382 1394 4449 Franciscum
1418 4379 1560 4447 drauum

312 4498 343 4562 et
358 4495 523 4563 Hearicum
539 4495 671 4580 Angliae
684 4513 779 4582 reges.
791 4537 832 4544 -
844 4499 957 4564 Romae
971 4498 1029 4564 rvi.
1038 4497 1155 4582 Aprilis
1172 4497 1313 4564 mdrrrii
1341 4498 1430 4564 Anno
1446 4497 1559 4582 quarto.
