3364 5102
811 363 1055 433 ..334..

304 557 413 625 diffuse
427 577 446 624 a
460 558 549 625 nobis
565 559 632 638 luit
656 577 716 624 non
738 561 786 626 est
808 579 888 625 nune
903 559 982 643 quod
997 560 1136 644 pluribus
1152 578 1281 644 agamus
1303 557 1440 644 nisique
1455 561 1561 626 mente

303 693 422 759 semper
436 675 551 740 fuirnus
567 675 606 740 ad
621 675 803 759 reipublieae
826 675 984 742 oommoda
999 677 1264 759 tranquillitatem,
1287 676 1430 760 quietem,
1446 675 1557 742 eadem

303 809 358 856 nos
381 793 413 856 et
434 791 467 856 in
489 793 644 874 posterum
667 791 786 856 futuros
809 793 839 856 et
861 809 895 856 eo
919 791 1013 856 etiam
1043 792 1253 875 propensiores
1277 810 1335 874 quo
1366 792 1467 876 magis
1490 793 1559 856 tam

304 905 417 990 apertis
440 906 593 973 cernimus
608 907 798 990 argumentis
820 906 1029 990 potentissimi
1042 907 1076 972 in
1091 925 1145 973 nos
1161 907 1220 974 Dei
1242 906 1480 992 benignitatemr
1504 907 1559 990 qui

303 1023 371 1087 tum
394 1021 526 1087 maxime
549 1022 637 1088 nobis
660 997 747 1088 affirit
770 1042 864 1107 quum
892 1025 1027 1089 extremo
1050 1022 1182 1106 perieulo
1203 1023 1340 1090 laborare
1362 1041 1411 1087 res
1434 1023 1559 1088 nostrae

302 1136 508 1213 crederentur3
538 1141 573 1202 ut
595 1138 727 1220 prolecto
756 1138 963 1221 impudentiae
994 1139 1043 1216 sit,
1074 1139 1101 1203 si
1123 1157 1161 1203 ne
1183 1138 1305 1222 quidem
1335 1138 1423 1203 tanta
1450 1139 1558 1221 optare

302 1253 369 1319 ausi
392 1252 565 1320 fuissemus.
612 1251 760 1319 Gonoessa
782 1272 854 1338 ergo
877 1253 980 1319 diuino
1002 1254 1070 1337 ipso
1092 1254 1217 1320 numine
1239 1255 1304 1319 tam
1327 1253 1445 1336 insigni
1466 1253 1557 1320 nobis

300 1368 338 1435 (le
361 1369 448 1434 hoste
471 1369 605 1448 neusa,
627 1370 693 1434 tam
716 1371 820 1452 optate
842 1390 861 1434 a
884 1389 907 1434 s.
923 1390 950 1435 v.
973 1389 1031 1453 pax
1054 1370 1088 1435 in
1109 1370 1217 1436 limine
1238 1388 1305 1434 esse
1328 1369 1391 1435 iam
1413 1369 1475 1435 diei
1497 1387 1556 1452 po·

301 1485 378 1560 usu
401 1503 494 1566 quam
510 1486 596 1550 tanto
620 1483 721 1549 studio
743 1485 985 1567 amplexabimur
1007 1487 1120 1568 quanto
1136 1486 1311 1551 constantes
1333 1483 1448 1550 ninus
1471 1483 1505 1548 in
1521 1503 1556 1549 eo

299 1600 379 1665 bello
403 1599 517 1684 inquo
541 1591 659 1684 semper
689 1600 932 1667 existimavimus
962 1601 990 1665 si
1013 1619 1073 1666 non
1096 1600 1212 1666 viribus
1241 1619 1332 1665 eausa
1364 1600 1475 1666 saltem
1498 1617 1555 1664 nos

300 1715 398 1781 multo
422 1715 590 1798 superiores
613 1734 688 1794 esse,
719 1734 812 1800 aeque
835 1715 929 1781 etiem
953 1715 1069 1781 viribus
1093 1715 1121 1780 si
1143 1716 1198 1780 illa
1220 1715 1308 1781 nobis
1338 1715 1473 1781 humens
1497 1734 1554 1780 su-

299 1831 372 1897 xilia
398 1830 565 1909 affinesent
589 1849 666 1914 quse
680 1831 768 1897 nobis
791 1831 902 1910 debita,
925 1832 957 1897 et
978 1850 1037 1915 quo
1060 1833 1123 1897 lato
1138 1831 1291 1898 neseimus
1315 1830 1473 1914 denegate,
1499 1849 1555 1896 sua

299 1946 364 2030 ipse
388 1947 471 2013 Deus
494 1965 588 2013 manu
611 1947 642 2012 et
664 1946 855 2031 benignitate
879 1948 1039 2031 supplevit.
1085 1948 1181 2012 Amor
1204 1967 1227 2012 s.
1245 1967 1270 2011 v.
1295 1965 1367 2030 erga
1389 1965 1444 2011 nos
1467 1947 1554 2012 nullo

298 2081 360 2128 non
383 2064 517 2145 tompore
542 2061 629 2127 nobis
652 2061 891 2128 iucundissimus
914 2063 1033 2140 aoeidit
1064 2082 1124 2128 non
1147 2063 1317 2146 minorique
1340 2065 1371 2127 et
1400 2080 1455 2128 nos
1479 2081 1554 2146 erge

298 2196 366 2244 eam
390 2177 504 2262 pietate
526 2180 558 2243 et
580 2178 774 2243 observantia
797 2197 916 2262 semper
939 2198 1006 2245 esse
1029 2180 1197 2262 cognoscet.
1229 2177 1273 2244 Ut
1295 2177 1389 2243 latius
1405 2177 1500 2243 etiem
1516 2177 1553 2242 de

297 2293 348 2358 his
371 2293 512 2358 omnibus
543 2293 728 2376 eaeterisque
758 2293 930 2360 edooebitur
953 2315 976 2358 s.
999 2314 1025 2359 v.
1049 2313 1084 2358 ex
1107 2293 1220 2360 nostrie
1250 2292 1343 2360 isthio
1372 2291 1551 2358 oratoribus.

299 2407 445 2492 Cupimus
468 2410 572 2474 autem
594 2411 631 2478 ut
652 2418 745 2492 quam
767 2409 963 2476 faelicissimo
982 2409 1090 2474 valeat.
1120 2409 1236 2474 Datum
1259 2408 1292 2472 in
1315 2407 1423 2491 oppido
1446 2411 1551 2472 nostro

299 2523 442 2589 Maioreti
463 2524 512 2589 (lie
535 2523 685 2608 vigesima
707 2526 792 2590 sexta
814 2524 928 2591 Martii.
966 2525 1055 2592 Anno
1078 2524 1195 2591 domini
1217 2523 1335 2589 mlxxv.
1375 2524 1551 2607 Regnorum

299 2639 472 2704 nostrorum
495 2640 627 2706 Romam
650 2642 733 2706 sexto
756 2641 787 2706 et
809 2639 939 2706 aliorum
966 2640 1105 2706 omnium
1126 2639 1251 2706 deoimo.

388 2868 512 2936 Carolus
532 2871 636 2938 divina
666 2872 785 2938 favente
814 2871 975 2937 elementia
1005 2872 1119 2937 eleotus
1141 2871 1348 2937 Romanorum
1376 2868 1551 2957 imperator,

299 3005 418 3069 semper
440 2987 607 3072 Augustus,
631 2973 1072 3070 Germaniae-Hispaniarum,
1091 2985 1258 3072 utriusque
1282 2983 1411 3064 Siciliae,
1437 2983 1550 3049 Hieru-

299 3101 396 3166 salem
419 3103 474 3166 eto.
498 3121 548 3167 rex
571 3105 602 3166 et
624 3105 765 3168 caeteros.

967 3215 1091 3283 Carolus
1116 3215 1170 3304 (m.
1186 3215 1228 3302 p.)

1261 3332 1318 3398 Ph.
1342 3329 1460 3398 Nieola.

888 3597 962 3666 252.

592 3763 700 3823 Mero.
723 3777 745 3824 a
768 3763 969 3824 Gattlnaria
991 3761 1163 3824 Clementi
1186 3763 1259 3823 vn.

747 3873 834 3959 (ssu
849 3872 944 3957 prino
960 3871 1016 3939 IIL
1034 3871 1099 3958 76).

765 3986 953 4073 (selonts
971 3987 1080 4074 1525).

385 4150 429 4215 Ex
452 4149 565 4216 litteris
589 4148 701 4216 nobilis
717 4146 817 4214 Caroli
840 4145 950 4214 Gazini
972 4147 1080 4216 domus
1104 4168 1170 4215 mee
1187 4147 1321 4232 preteeti,
1345 4145 1549 4231 diditionem

298 4264 473 4330 humaniter
495 4283 531 4330 ao
553 4263 737 4358 perbenigne
753 4262 835 4349 (meo
849 4262 977 4350 intuitu)
995 4282 1055 4330 av.
1072 4283 1095 4328 s.
1110 4264 1145 4329 in
1166 4263 1232 4331 dies
1250 4261 1351 4348 magis
1367 4262 1551 4346 suscipietur

296 4397 332 4444 eo
354 4381 562 4462 pertractetis,
585 4381 783 4464 quamtumve
797 4379 892 4445 libere
915 4397 950 4445 ao
972 4378 1156 4446 confidenter
1178 4382 1245 4446 tum
1268 4379 1305 4446 de
1319 4379 1459 4464 publicis,
1483 4381 1551 4444 tum

295 4493 333 4559 de
354 4494 483 4576 privatis
506 4495 584 4564 meis
606 4494 741 4579 negociis
757 4513 860 4561 secum
882 4495 963 4579 agat
986 4494 1023 4560 de
1046 4494 1107 4561 hiis
1131 4495 1362 4579 potissimeque
1386 4495 1426 4561 all
1448 4494 1550 4560 sinos·
