3396 5090
696 357 942 426 -163-

192 553 332 622 munium
347 555 520 622 nostrorum
537 573 555 620 a
570 553 676 620 Turois
692 555 722 620 ct
737 553 912 621 infidelibus
926 553 1034 636 piratis
1050 552 1233 636 pertinentia
1253 573 1322 620 oum
1338 551 1443 620 audire

193 690 228 737 er
251 689 285 736 eo
308 670 459 754 fidemque
480 670 529 737 illi
550 671 670 750 habere,
699 671 767 736 tum
790 669 884 736 etiam
907 687 960 752 pro
983 669 1030 736 tui
1053 669 1186 736 nominis
1209 670 1388 736 auctoritate
1411 672 1442 734 et

193 787 276 852 mma
298 785 454 870 providere
475 787 561 866 velis,
591 785 671 870 quod
693 785 752 852 erit
774 785 899 868 reliquis
920 785 983 850 tuis
1006 785 1150 868 preclaris
1174 785 1344 852 actionibus
1367 803 1441 850 con-

194 903 380 982 sentaneum.
425 902 541 968 Datum
564 902 679 968 Romae
700 903 756 967 etc.
780 900 828 966 die
850 901 904 966 iiii.
928 900 1006 966 Julii
1028 901 1146 967 mdrxv.
1192 901 1280 966 Auno
1305 899 1442 967 secundo.

284 1134 431 1218 llpisoopo
460 1133 646 1212 Tridentino,
675 1134 711 1198 ut
739 1135 847 1218 pergat
876 1133 908 1198 in
938 1133 1026 1198 bouis
1055 1132 1204 1215 operibus,
1252 1133 1366 1198 Romae
1396 1133 1445 1198 die

194 1270 221 1316 v.
245 1249 323 1315 lulii
345 1248 463 1316 mdxrr.
510 1250 599 1314 Anno
623 1248 760 1314 secundo.

790 1512 860 1576 120.

585 1676 741 1746 Vlceregi
766 1667 1004 1754 (Neapolitano).

285 1829 403 1896 Dilecta
427 1827 480 1894 lili.
525 1827 706 1912 Accepimus
735 1827 855 1894 litteras
878 1830 947 1894 tuas
976 1827 1026 1893 die
1054 1828 1112 1894 uvi.
1135 1828 1223 1895 lunii
1250 1829 1339 1894 datas
1369 1847 1446 1913 quae

197 1945 285 2013 uobis
308 1945 502 2012 vehementer
524 1946 630 2028 gratae
652 1943 789 2020 firsrunt;
813 1947 883 2010 tuae
898 1943 981 2010 enim
997 1943 1129 2028 optimae
1152 1945 1184 2010 in
1199 1964 1255 2011 nos
1279 1945 1446 2011 voluntatis

196 2080 289 2148 quam
317 2061 424 2146 magni
446 2059 578 2144 proiecto
607 2059 737 2125 facimus
768 2060 840 2124 sunt
861 2059 971 2136 tostes;
1001 2078 1056 2125 nos
1086 2059 1209 2143 quidem
1230 2062 1262 2127 et
1283 2060 1321 2126 de
1343 2061 1445 2126 nostru

197 2195 270 2262 erga
299 2178 415 2243 nob.tam
439 2177 525 2241 tuam
556 2175 711 2241 voluntate
732 2176 765 2241 et
786 2173 823 2240 de
846 2175 890 2240 eia
922 2175 1012 2242 rebus
1035 2177 1066 2241 et
1095 2175 1204 2242 officiis
1233 2195 1310 2261 quae
1339 2177 1448 2244 abste

197 2291 397 2377 postulamus
419 2289 560 2356 dedimus
581 2290 635 2356 dil.
658 2289 687 2354 li.
710 2289 888 2355 Baldassari
903 2287 1086 2356 Cestilioneo
1109 2291 1219 2356 nuncio
1241 2292 1344 2359 nostro
1367 2290 1448 2374 apud

198 2405 358 2472 Caesarem
381 2405 526 2470 mandata
548 2407 649 2471 tecum
672 2405 931 2471 communicanda.
977 2405 1144 2472 Hortamur
1166 2407 1283 2472 nob.leno
1306 2407 1393 2473 tuam
1415 2407 1448 2474 iu

197 2521 329 2589 Domino
351 2523 387 2588 ut
408 2521 437 2589 ei
459 2521 551 2588 fidem
573 2521 684 2588 habere
706 2539 741 2585 ac
763 2523 917 2607 praestare
940 2521 1027 2586 nobis
1051 2541 1143 2606 quam
1162 2522 1297 2588 ostendis
1320 2522 1447 2589 benivo-

197 2636 325 2703 lentiam
355 2635 440 2716 veIis,
470 2654 562 2720 quam
585 2653 640 2702 nos
667 2634 764 2702 simili
793 2635 895 2700 animo
926 2654 998 2720 erga
1029 2637 1187 2703 tesumus
1217 2639 1448 2722 compensaturi.

199 2753 315 2818 Datum
337 2751 452 2818 Romae
475 2749 524 2817 die
548 2750 597 2817 vii
621 2750 700 2817 Julii
722 2750 840 2816 mdxrr.
886 2751 975 2816 Anno
999 2751 1137 2818 secundo.

287 2982 367 3067 Regi
386 2981 575 3067 Portugallie
591 3019 634 3030 -
649 2982 709 3048 Pro
733 2981 883 3049 Michaele
905 2981 1006 3068 Sylva,
1029 2986 1146 3050 oratore
1169 2984 1250 3068 apud
1264 2985 1450 3069 pontificem,

200 3117 290 3186 quem
304 3117 364 3177 rer,
386 3096 502 3164 veritus
526 3115 563 3162 ne
578 3097 712 3180 pontifex
734 3098 800 3163 eius
823 3098 1006 3184 dignitatem
1021 3099 1222 3184 amplificaret
1244 3100 1450 3167 cardinalatus

200 3215 326 3294 honore,
356 3213 396 3279 ad
418 3232 451 3278 se
479 3215 686 3293 revocaverat,
715 3215 800 3279 ratus
830 3214 861 3280 id
891 3214 1037 3298 dignitati
1067 3235 1139 3281 suae
1161 3216 1288 3284 officere.
1334 3219 1451 3285 Romao

200 3330 250 3397 vii
273 3325 361 3396 Julii⁴
375 3328 493 3395 mdxxv.
539 3329 628 3394 rinno
652 3329 789 3396 secundo.

795 3591 867 3656 121.

634 3753 825 3812 Archiduci
849 3756 1026 3814 nustriae.

291 3907 410 3973 Dilecta
424 3906 479 3972 fili
510 3905 691 3989 Accepimus
708 3908 878 3992 exemplum
895 3927 1000 3974 earum
1015 3909 1241 3992 responsionem
1256 3930 1332 3994 quas
1347 3913 1454 3978 notas

203 4025 257 4088 tua
278 4021 515 4108 prudentissime
538 4040 573 4086 ac
595 4020 873 4088 considerantissima
888 4023 1149 4091 tumultuantibus
1172 4026 1235 4092 sui's
1258 4027 1454 4111 popularibus

200 4137 348 4216 ‚reddedit
378 4156 455 4222 quae
477 4138 565 4204 nobis
595 4136 795 4222 dignissimae
824 4137 907 4204 visae
937 4141 1009 4205 sunt
1039 4158 1076 4206 ea
1103 4140 1215 4207 vitute
1244 4142 1330 4208 cuius
1359 4144 1393 4209 in
1425 4145 1455 4210 to

204 4253 376 4340 opinionem
399 4271 554 4320 summam
569 4270 690 4337 semper
712 4253 890 4331 habuimus3
913 4273 1009 4338 noque
1032 4255 1119 4322 uobis
1139 4258 1238 4324 solum
1262 4259 1314 4324 sed
1336 4260 1368 4325 et
1391 4278 1455 4326 seu.

204 4369 350 4435 fratribus
373 4367 488 4434 uostris
517 4369 550 4434 iu
573 4388 699 4452 quorum
724 4369 903 4436 consistorio
934 4373 1029 4436 lectae
1052 4372 1181 4438 fuerunt.
1227 4375 1333 4460 ltaque
1356 4375 1393 4441 de
1416 4376 1454 4440 iis

204 4487 237 4550 st
259 4485 380 4552 euobis
396 4486 427 4550 et
450 4483 568 4548 abillis
591 4485 650 4550 tibi
665 4485 815 4553 habentur·
837 4485 964 4570 gratiae,
987 4489 1076 4571 teque
1091 4489 1249 4555 hortamur
1271 4507 1456 4574 quamquam

1237 4599 1295 4664 11*
