3396 5090
610 287 925 402 ’--ιιι--Ι

172 531 298 616 uterque
321 533 456 598 restrum
481 551 614 596 seersum
639 532 759 597 auam
789 531 906 598 dederit
928 550 1050 616 speram
1072 532 1105 596 in
1134 532 1278 597 honorem
1310 529 1424 596 summi

174 648 231 714 Dei
253 650 284 714 et
300 648 371 714 fidei
393 647 559 714 catholicae
575 649 843 728 museruationsm,
865 650 900 715 ut
922 649 953 714 et
969 667 1023 713 nes
1046 647 1106 732 ipsi
1122 651 1152 714 et
1175 648 1344 732 quicunque
1360 647 1430 712 Dee

174 764 273 830 ansati
303 765 383 842 sunt,
415 783 527 850 magua
552 785 583 831 se
607 766 692 831 vobis
722 765 878 836 damnatus
907 765 1061 832 fateantur
1090 764 1205 850 gratia:
1235 784 1308 831 nam
1331 765 1362 830 et
1384 762 1422 828 ad

174 879 378 947 lutheranam
401 881 592 966 impietatem
616 881 838 966 reprimendam
861 883 986 966 uterque
1008 901 1062 965 pre
1085 882 1143 947 Dei
1165 880 1287 946 nemina
1310 899 1378 946 seer
1393 880 1424 944 et

173 997 330 1079 promptus
360 996 470 1076 extitit,
500 998 531 1063 et
561 996 599 1063 ad
629 998 715 1064 illam
746 997 893 1082 inelytam
923 998 1128 1064 Buhemorum
1156 999 1281 1082 gentem
1312 994 1423 1061 unitati

172 1109 357 1178 christianae
387 1113 607 1180 restituendam
630 1115 714 1178 omni
736 1132 754 1178 a
777 1115 863 1180 vebis
894 1133 966 1180 eura
989 1118 1020 1181 et
1042 1114 1203 1199 diligentia
1233 1113 1421 1180 elaboratum

172 1231 227 1294 est.
259 1229 317 1296 Sed
340 1231 376 1297 ut
398 1231 453 1308 illa
475 1231 552 1296 bene
575 1231 680 1314 caepta
704 1231 784 1310 sunt,
812 1230 856 1296 sie
879 1249 932 1296 vos
955 1233 1061 1298 ambos
1084 1232 1278 1297 obsecramus
1300 1230 1334 1296 in
1357 1229 1421 1295 De·

171 1345 256 1412 mine
280 1348 313 1412 ut
342 1347 457 1413 instare
481 1348 512 1412 et
534 1365 658 1430 pergere
687 1348 717 1412 ιι
747 1347 785 1413 ad
815 1349 983 1414 extremum
1013 1347 1157 1414 dedueare
1186 1349 1291 1413 saneta
1321 1347 1422 1410 vestra

172 1461 299 1526 consilia
314 1461 460 1540 debeatis,
482 1461 540 1528 Dei
562 1460 685 1546 quidem
701 1462 798 1547 ipsius
821 1462 975 1547 imprimis
990 1481 1081 1529 eausa
1097 1463 1150 1528 sed
1172 1461 1313 1556 nonnihil
1327 1460 1419 1526 etiarn

171 1579 283 1657 uestra,
306 1579 359 1664 qui
374 1597 434 1644 nen
457 1578 616 1644 verberum
631 1579 743 1645 honere
767 1579 819 1645 sed
843 1598 911 1647 vero
934 1579 1030 1646 animi
1053 1580 1162 1646 affeetu
1177 1578 1311 1664 patrium
1334 1595 1420 1642 ame-

171 1713 236 1759 rem
258 1713 331 1778 erga
359 1713 412 1760 res
436 1694 611 1772 retinemus,
633 1697 814 1780 tantumque
843 1695 1049 1762 desideramus
1079 1698 1213 1762 vestram
1243 1694 1419 1760 felicitatem

169 1811 202 1876 et
216 1811 346 1895 gloriam
369 1813 517 1896 quantum
533 1813 678 1878 nostram.
717 1811 894 1880 lllaautem
916 1831 993 1897 quae
1015 1832 1071 1879 nes
1093 1811 1257 1878 admodum
1279 1809 1422 1894 premunt

170 1929 202 1991 ιι
224 1927 403 2009 premebant
425 1944 521 2004 ear„na
548 1927 595 1994 fili
616 1928 774 2008 ludovius,
796 1929 876 2014 quud
899 1931 986 2015 regni
1015 1930 1062 1996 tui
1084 1932 1200 1996 statum
1224 1931 1314 2013 atque
1337 1927 1419 1994 urdi-

170 2059 241 2108 nem
265 2042 461 2125 cupiebamus
491 2043 593 2127 aliqua
622 2063 657 2110 er
679 2047 766 2128 parte
787 2046 821 2111 in
843 2047 955 2112 melius
978 2046 1131 2120 cunstitui,
1161 2047 1319 2130 prepterea
1341 2043 1420 2129 quud

170 2158 329 2242 ingenium
352 2159 440 2224 tuum
463 2159 621 2244 egregium
644 2163 676 2226 ιι
705 2160 859 2246 singulare
882 2162 921 2227 ad
944 2164 1077 2228 aetatem
1106 2161 1270 2245 perfectam
1300 2158 1420 2226 eonsilii

170 2273 305 2340 nendum
321 2277 507 2360 pervenerat,
530 2295 611 2342 nune
635 2279 707 2342 sunt
721 2277 780 2343 tibi
801 2277 904 2361 patrui
926 2278 971 2342 tui
987 2277 1112 2344 sensilia
1128 2281 1159 2343 ιι
1182 2275 1332 2361 sapientia
1347 2293 1420 2342 een-

171 2390 334 2469 stitnenda
357 2391 447 2456 illum
463 2409 620 2476 precamur
635 2395 670 2457 ut
692 2392 811 2470 audiam
835 2393 927 2460 habet
949 2393 1002 2460 ille
1017 2411 1090 2478 erga
1112 2395 1293 2460 tuamerem
1315 2390 1421 2476 patris,

170 2506 355 2590 sapientiam
378 2507 411 2573 in
435 2527 467 2573 se
490 2508 605 2573 summi
626 2509 722 2593 regis;
761 2509 827 2575 eius
850 2512 885 2575 ιιι
908 2509 1021 2576 similis
1044 2529 1076 2576 ss
1100 2509 1229 2587 futumr,
1259 2508 1316 2573 hue
1338 2506 1420 2573 euim

169 2621 305 2705 preclara
327 2602 444 2688 indeles
467 2624 521 2688 tua
543 2623 631 2689 nobis
654 2624 828 2708 pellieetnr3
851 2625 967 2692 interea
990 2625 1113 2710 quidem
1136 2643 1213 2710 quae
1235 2624 1289 2690 ille
1311 2621 1418 2688 admu-

169 2737 271 2803 uuerit
299 2741 370 2804 tuae
399 2738 458 2805 erit
486 2739 610 2804 virtutis
640 2741 671 2806 ιι
693 2741 841 2807 bonitatis
871 2760 933 2808 nen
960 2742 1217 2825 praetermittam
1245 2741 1420 2806 laboramus

169 2854 272 2920 anime
295 2873 348 2938 pre
364 2857 402 2933 ιι,
425 2855 459 2920 in
474 2855 571 2938 patris
586 2856 686 2921 lecum
709 2857 768 2923 tibi
785 2857 986 2924 sueeessimus
1002 2858 1033 2922 ιι
1047 2857 1146 2923 tutela
1161 2857 1199 2923 et
1216 2851 1420 2922 benivolentia

168 2971 199 3034 et
222 2989 308 3045 eura3
331 2969 370 3036 da
393 2971 480 3037 nobis
504 2971 582 3036 hane
605 2972 756 3037 laetitiam
785 2973 937 3056 premium
960 2991 1100 3038 summm
1124 2973 1155 3039 at
1171 2965 1418 3038 ‘sollicitudinum

168 3067 342 3151 nestramm
373 3089 407 3152 ut
436 3104 502 3152 earn
533 3105 625 3171 quam
652 3089 794 3171 optamus
823 3089 910 3156 ints
939 3089 1084 3155 virtutem
1114 3090 1145 3155 ιι
1175 3063 1419 3173 magnitudinem

168 3202 265 3268 animi
286 3221 414 3280 eernere,
444 3203 571 3269 eelerius
601 3221 693 3287 quam
715 3206 800 3271 aetas
823 3206 889 3289 pati
910 3224 999 3289 pesse
1022 3205 1160 3272 videatur
1182 3205 1347 3288 perlectam
1371 3201 1418 3267 ui-

168 3317 302 3384 deamus.
348 3319 394 3384 Tu
417 3337 486 3385 vere
509 3319 555 3384 lili
578 3337 673 3386 aarum
696 3317 893 3406 sigismunde
915 3323 1017 3406 aecipe
1032 3320 1126 3388 etiam
1149 3322 1230 3387 viees
1253 3319 1373 3386 nestra's
1389 3321 1420 3384 ιι

167 3434 200 3499 iu
222 3435 377 3500 eommuni
400 3435 463 3500 filie
486 3436 620 3501 ornando
643 3455 678 3501 ae
693 3437 899 3504 eenlirmande
921 3457 1040 3504 emnem
1062 3439 1147 3503 tuam
1170 3455 1231 3522 qua
1251 3435 1418 3520 plurimum

169 3533 260 3616 rales'
275 3550 459 3634 sapientiam
481 3569 634 3634 exprome;
664 3554 712 3620 est
734 3553 787 3619 ille
810 3553 869 3620 tibi
890 3573 982 3638 prope
1006 3553 1161 3638 sanguine,
1185 3553 1273 3618 nobis
1296 3569 1331 3617 ιιι
1354 3551 1419 3616 Dae

169 3665 259 3744 lilius,
283 3684 383 3732 amore
407 3666 528 3750 utrique
542 3669 682 3734 nostrum
704 3687 767 3752 par,
790 3672 825 3734 ut
840 3687 916 3754 quae
932 3669 971 3735 ad
986 3669 1050 3736 eius
1074 3667 1165 3735 decus
1187 3669 1219 3736 ιι
1233 3666 1418 3752 dignitatem

167 3781 325 3865 pertinent,
351 3781 413 3848 sint
441 3783 522 3848 inter
545 3803 601 3850 nos
631 3785 811 3851 eommunia.
859 3783 918 3852 Sed
947 3804 1003 3852 nes
1025 3786 1192 3869 plurimum
1223 3787 1276 3851 tua
1306 3783 1419 3849 virtute

167 3897 294 3964 consilio
321 3897 501 3964 austeritate
516 3899 711 3976 mnfidimns;
734 3901 881 3967 vellemus
904 3901 1033 3968 seribere
1056 3902 1159 3968 emnia
1181 3901 1210 3966 si
1230 3899 1343 3978 liceret
1367 3896 1417 3964 sed

167 4015 311 4099 queniam
332 4013 365 4080 id
380 4033 442 4080 nen
463 4017 573 4098 petest,
596 4016 753 4082 hortamur
769 4018 904 4082 vestrum
927 4019 1089 4102 utrumqne
1112 4017 1143 4083 in
1160 4016 1291 4082 Domino
1314 4033 1350 4080 ae
1365 4013 1417 4079 dil.

167 4130 230 4196 filio
253 4131 372 4196 Barene
395 4131 450 4198 ete.
474 4130 581 4198 nuntie
602 4133 706 4197 nestro
729 4133 846 4199 homini
869 4133 1107 4217 pmdenlissimo
1134 4134 1165 4200 ιι
1187 4131 1345 4207 fidissime,
1369 4129 1418 4194 eui

166 4246 266 4312 tetum
289 4247 386 4312 animi
401 4247 499 4312 nestri
522 4266 646 4314 sensum
661 4250 843 4332 aperuimus,
859 4249 951 4316 fidem
967 4267 1120 4316 summam
1143 4249 1254 4314 habere
1269 4250 1300 4313 ιι
1314 4245 1417 4312 emnia

165 4362 199 4427 iu
221 4363 371 4445 optimam
394 4381 412 4427 a
435 4362 523 4428 nobis
546 4365 664 4446 partem
687 4365 820 4448 aeeipere
843 4365 954 4431 velitis.
1000 4365 1115 4430 Datum
1138 4365 1254 4432 Romae
1276 4363 1325 4430 die
1347 4361 1416 4426 xxii.

166 4477 439 4562 augustimum.
486 4479 574 4544 Anne
598 4479 734 4546 seeundo.
