3380 5088
664 323 908 398 *269⁶

12 573 13 594 2
157 524 248 594 unius
270 525 384 611 integri
399 525 472 592 anni
487 544 505 591 a
520 523 570 590 die
582 523 799 609 publicationis
821 523 1022 609 posteriorum
1038 523 1212 592 litterarum
1233 519 1412 594 unarmed

157 641 362 728 computandi,
384 640 615 720 cathedralium,
637 642 669 706 at
684 639 997 725 metropolitanarum,
1013 640 1044 705 at
1059 639 1190 706 aliarum
1204 641 1409 722 aeclesiarum,

157 777 273 826 necnon
288 757 550 847 monasteriorum,
564 756 762 842 prioratuum,
778 757 873 823 etiam
888 756 1142 836 conventualium,
1160 756 1410 841 praepositorum,

158 874 376 961 dignitath
405 874 630 958 personatuum,
653 871 964 952 administrationum,
993 874 1025 938 et
1047 871 1225 952 officiorum,
1248 873 1408 940 noanon

158 993 255 1071 tuum,
276 993 309 1058 et
323 989 572 1075 praebendarum,
595 987 782 1072 aliorumque
798 1007 868 1054 cum
883 1007 962 1067 cura,
984 989 1017 1054 et
1031 987 1097 1054 sine
1113 1007 1185 1055 cura
1200 988 1410 1068 conanum,

158 1105 234 1176 etS.
249 1106 417 1188 Benedicti,
440 1104 470 1172 S.
485 1103 662 1192 Augustini,
684 1102 941 1185 Oistsrciensium,
965 1101 1219 1185 Oluniaoensium,
1242 1105 1410 1172 Prasmon·

159 1223 366 1301 abstemium,
382 1221 624 1288 Oartusienaium
639 1222 670 1286 et
684 1220 814 1288 aliorum
829 1219 1006 1305 quorumvis
1021 1219 1170 1300 ordinum,
1188 1221 1253 1288 tam
1267 1220 1411 1300 virorum,

158 1358 252 1425 quam
260 1338 433 1416 mulierum,
442 1337 536 1404 etiem
546 1335 794 1416 mendicantium,
810 1337 885 1403 etex
899 1335 1068 1421 privilegio,
1085 1337 1219 1404 velalias
1232 1335 1330 1403 certos
1339 1335 1409 1403 red·

160 1455 244 1522 ditus
259 1454 448 1534 habentium,
462 1473 498 1519 ac
510 1451 697 1538 regularium
716 1451 900 1518 militiarum
913 1471 1179 1537 quarumcumque,
1195 1453 1290 1520 etiam
1304 1454 1412 1519 beatoe

159 1571 275 1638 Marias
296 1569 560 1647 innumerum,
589 1567 684 1634 etiam
706 1586 834 1653 quorum
863 1567 999 1634 redditus
1022 1567 1062 1634 ad
1089 1568 1334 1653 hospitalitatem
1355 1569 1411 1636 de·

159 1686 260 1771 putati
288 1685 474 1765 existebant,
504 1684 538 1749 in
560 1681 681 1764 ducatu,
711 1683 834 1750 etalds
862 1682 1016 1764 dominis,
1046 1685 1144 1765 terris,
1174 1685 1205 1752 et
1226 1685 1302 1752 locis
1325 1685 1411 1752 vobis

161 1800 305 1886 subjectis
328 1799 561 1867 consistentium
593 1801 697 1866 tamen
729 1817 889 1866 comunem
918 1819 1024 1865 verum
1047 1819 1182 1866 annuum
1204 1802 1349 1882 valorem,
1372 1800 1411 1868 ab

159 1917 301 1983 omnibus
324 1915 568 2000 archiepiscopis,
590 1916 748 2000 episcopis,
771 1916 885 1994 electis,
908 1913 1081 1996 abbatibus,
1103 1916 1278 1998 abbatissis,
1299 1917 1411 2001 priori-

159 2032 226 2110 bus,
249 2031 525 2110 commendatariis,
554 2030 706 2115 capitulis,
729 2029 917 2116 giardinum,
947 2032 1132 2116 cantansque
1153 2032 1291 2116 personis
1314 2034 1410 2101 acole-

160 2147 294 2214 siasticis
309 2147 524 2226 sacerdoribus,
546 2148 578 2212 et
592 2147 783 2232 regularibus
798 2146 894 2213 etiam
908 2145 1157 2228 mendicantium,
1180 2148 1211 2214 et
1228 2147 1412 2215 militiarum

12 2329 13 2356 ,
159 2263 383 2348 praedictarum
413 2263 587 2347 magistris,
617 2262 769 2346 prioribus
792 2263 975 2347 capellanis,
1000 2262 1139 2344 bailiris,
1168 2263 1413 2350 praeceptoribus

13 2413 14 2416 ¹
159 2379 336 2446 huiusmodi
358 2379 474 2445 tructus
496 2379 530 2444 in
553 2378 672 2460 ducatu,
702 2378 855 2459 dominiis,
884 2379 975 2444 tanis
997 2381 1028 2444 et
1050 2378 1126 2445 locis
1155 2378 1319 2465 praedictis
1340 2399 1411 2464 per-

160 2495 352 2581 cipientibus,
382 2496 414 2562 et
434 2495 627 2575 habentibus,
657 2497 689 2561 at
710 2495 763 2579 qui
785 2495 857 2560 illos
880 2493 973 2571 inira,
988 2513 1085 2560 uuum
1115 2513 1231 2561 annum
1253 2495 1414 2564 dumtaxat

159 2611 356 2696 perciperent,
385 2613 417 2678 et
438 2611 593 2690 haberent,
622 2609 837 2694 cuiuscumque
866 2608 1122 2694 praeeminentiae
1153 2611 1262 2690 status,
1290 2610 1413 2697 medus,

160 2725 284 2806 ordinis,
307 2728 339 2794 ot
353 2725 535 2792 conditionis
550 2726 723 2806 existerent,
746 2725 883 2809 personis
899 2723 1121 2792 venerabilium
1143 2726 1275 2793 fratrum
1290 2727 1413 2794 nosue-

161 2862 230 2908 rum
245 2840 276 2909 S.
291 2842 327 2909 R
343 2835 377 2909 b.
396 2841 599 2908 cardinalium
620 2841 780 2908 dumtaxat
802 2841 943 2926 exceptis,
966 2841 999 2908 in
1022 2841 1172 2922 terminis,
1194 2843 1226 2909 et
1239 2843 1316 2910 locis
1338 2861 1412 2909 eon·

160 2957 246 3043 gruis
261 2978 315 3043 per
330 2957 559 3042 infrascriptum
583 2957 839 3037 subcollectorem,
862 2959 917 3023 aut
938 2958 977 3023 ab
992 2976 1027 3023 eo
1042 2959 1226 3042 potestatem
1248 2958 1413 3026 habentem

161 3073 340 3153 statuendis,
362 3074 411 3140 vel
433 3072 631 3152 declarandis,
653 3072 858 3153 exolvendum,
880 3072 1093 3157 colligendam,
1116 3073 1287 3154 levandam,
1309 3076 1341 3140 et
1362 3074 1413 3140 in·

161 3189 357 3269 stituendam,
380 3208 416 3254 ac
438 3188 533 3268 vobis,
557 3207 611 3254 seu
625 3207 643 3253 a
658 3187 745 3254 vobis
759 3186 950 3272 deputandis,
973 3191 1135 3274 postquam
1151 3192 1263 3270 exacte,
1286 3190 1320 3257 in
1341 3189 1415 3258 fidei

160 3323 243 3389 opus,
267 3307 465 3389 arcumque
481 3303 712 3389 expeditionem,
728 3323 764 3369 ac
778 3303 993 3384 defensionem,
1015 3305 1046 3370 et
1061 3305 1224 3372 tuitionem
1239 3305 1414 3372 huiusmodi

160 3421 327 3501 dumtaxat,
350 3441 404 3506 per
418 3439 472 3488 ros
495 3420 729 3488 convertendam
751 3420 913 3505 imposuit;
936 3440 971 3486 ac
986 3421 1133 3488 dilectum
1154 3422 1254 3490 filium
1270 3423 1414 3489 abbatem

159 3537 338 3604 monaamrii
361 3536 468 3604 Fontis
491 3537 651 3604 Wessouis
674 3535 790 3604 ordinis
813 3537 912 3604 sancti
933 3537 1091 3604 Benedicti
1108 3538 1307 3623 lugnano
1329 3538 1413 3605 dioe-

159 3653 237 3720 cesis
260 3655 384 3739 quintae
406 3653 503 3738 partis
525 3653 680 3720 fructuum
711 3653 927 3720 beneficiorum
955 3653 1131 3720 huiusmodi
1160 3654 1360 3736 redactorum,
1383 3657 1414 3720 st

159 3772 328 3837 exactorem
350 3769 519 3849 onasum,
541 3771 574 3836 et
588 3768 747 3853 deputavit
761 3768 842 3853 exigi
864 3769 1005 3854 quintam
1020 3771 1139 3853 partem
1153 3770 1308 3837 fructuum
1323 3770 1413 3838 unius

159 3885 241 3966 unni,
266 3887 299 3952 ut
320 3885 496 3970 praefertur,
519 3884 717 3969 computandi
733 3883 947 3951 beneficiorum
969 3884 1153 3966 huiusmodi,
1177 3887 1216 3953 ab
1237 3885 1415 3956 huiusmodi

159 4001 402 4086 archiepiscopis,
430 4001 590 4087 episcopis,
619 4001 733 4081 electis,
763 3999 1090 4082 administrationibus,
1120 4002 1293 4084 abbatibus,
1316 4003 1412 4071 abba·

159 4117 255 4199 tiesis,
270 4117 478 4198 conventibus,
501 4115 777 4196 commendatariis,
800 4118 832 4184 et
846 4117 917 4183 aliis
939 4118 1077 4201 personis
1091 4118 1264 4202 praedictis,
1282 4119 1414 4204 petendi,

160 4233 332 4319 colligendi,
364 4235 396 4301 et
418 4233 566 4318 exigendi,
597 4253 632 4299 ac
654 4233 699 4300 ais
720 4233 755 4299 in
776 4252 894 4318 genere,
925 4233 1117 4314 nominatim,
1140 4235 1172 4300 et
1193 4235 1227 4302 in
1250 4235 1357 4320 specie,
1379 4236 1415 4300 ut

159 4351 247 4418 illam
271 4351 432 4430 solverant,
456 4352 513 4416 sub
536 4349 856 4417 excommunicationis
879 4351 960 4416 latae
976 4349 1153 4432 senbntiae,
1176 4369 1212 4418 ac
1234 4350 1414 4435 privationis

159 4444 305 4548 omniurn,
329 4469 360 4534 et
380 4466 572 4553 singulorum
595 4465 808 4534 beneficiorum
838 4465 1112 4534 ecclesiasticomm
1134 4485 1188 4552 per
1209 4485 1260 4534 eos
1279 4467 1360 4546 tirno,
1383 4467 1415 4534 et
