3380 5088
775 347 1017 416 -284-

859 575 933 640 214.

640 737 792 799 Carolus
814 742 855 800 v.
878 739 1050 802 Clementi
1073 743 1145 802 vll.

679 850 765 935 (Litt.
781 850 953 934 principum
968 851 1008 916 Ii.
1026 852 1114 936 219).

754 965 819 1050 (15.
835 966 911 1032 Maii
929 965 1038 1054 1524).

356 1126 539 1194 Beatissimo
554 1126 641 1210 pater
655 1125 776 1194 domine
791 1127 1049 1195 reverendissime.
1072 1129 1216 1196 Libenter
1230 1147 1335 1196 eorum
1350 1129 1517 1196 commodis

266 1243 468 1324 consulimus,
498 1262 625 1326 quorum
655 1242 730 1308 fides
760 1243 912 1312 industria
941 1247 972 1311 et
1000 1243 1142 1312 assiduus
1171 1245 1322 1312 laboras
1355 1245 1516 1330 diligentia

266 1378 327 1426 rron
349 1361 449 1426 solum
471 1363 502 1427 et
524 1358 690 1425 maioribus
713 1359 836 1437 uostris,
860 1360 913 1428 sed
936 1361 1030 1427 etiam
1052 1360 1107 1427 isti
1130 1359 1239 1428 Sancte
1263 1360 1334 1428 Sodi
1356 1363 1387 1428 et
1409 1361 1514 1429 ortho-

265 1477 341 1543 doxe
361 1477 434 1544 fidei
455 1477 525 1544 usui
546 1478 578 1543 et
599 1477 778 1543 ornamento
800 1477 868 1543 furit.
892 1473 991 1544 'Cum
1013 1477 1116 1562 itaque
1138 1477 1240 1544 bont·
1259 1479 1417 1563 utriusque
1439 1477 1514 1544 iuris

265 1592 368 1660 doctor
397 1593 561 1660 Baithasar
591 1592 762 1677 prepositus
784 1593 818 1660 in
840 1593 1014 1660 Woltkircir
1042 1594 1234 1661 consiliarius
1264 1595 1366 1660 noster
1388 1594 1514 1661 devotus

264 1709 394 1777 dilectus
416 1710 449 1776 in
467 1709 593 1795 magnis
616 1710 648 1775 et
674 1708 777 1775 arduis
801 1710 891 1776 rebus
921 1709 989 1776 divo
1013 1708 1136 1777 Caesari
1158 1709 1369 1776 Maximiliano
1391 1709 1514 1776 domino

264 1829 294 1894 et
323 1845 381 1894 aso
413 1827 516 1893 nostro
547 1827 641 1893 ool.mo
672 1825 806 1910 preclare
835 1827 999 1893 memoriae
1030 1826 1268 1911 diligentissime
1298 1826 1456 1892 serviverit
1482 1827 1513 1892 at

263 1942 453 2027 imperialem
476 1941 688 2009 cancellariam
712 1961 833 2008 summa
855 1961 924 2008 oum
947 1942 1036 2009 laude
1059 1945 1090 2010 et
1112 1942 1290 2028 integritate
1313 1941 1513 2008 administra-

263 2059 342 2126 verit
356 2059 464 2125 multis
488 2057 585 2137 annis,
608 2077 663 2124 nec
678 2077 738 2124 non
754 2058 896 2125 defuncta
918 2059 983 2126 eius
999 2059 1161 2125 Maiestate
1184 2058 1223 2124 ad
1245 2059 1390 2143 obsequia
1408 2059 1513 2124 nostra

263 2177 413 2255 emeatus,
436 2174 532 2253 nobis,
555 2193 625 2240 cum
640 2174 748 2240 multis
763 2174 796 2240 in
818 2176 917 2251 rebus,
939 2176 1007 2240 tum
1026 2175 1166 2258 precipue
1188 2175 1221 2241 in
1236 2178 1385 2241 conventu
1408 2175 1512 2240 nostro

261 2291 413 2375 imperiali
435 2290 664 2370 wormatiensi,
687 2291 874 2376 singularem
897 2309 1019 2375 operam
1035 2293 1067 2357 et
1085 2290 1177 2358 iidem
1198 2291 1318 2358 illibate
1340 2290 1511 2367 navarerit3

261 2407 372 2492 quippe
394 2407 506 2475 ibidem
531 2409 635 2473 eontra
657 2407 863 2474 Lattaranam
882 2407 1015 2474 heresim
1037 2407 1116 2473 mira
1131 2407 1196 2474 eius
1219 2407 1371 2474 industria
1394 2405 1511 2490 praeei-

261 2543 378 2609 puaqne
408 2523 544 2590 doctius
574 2525 605 2588 et
634 2522 763 2589 intimus
792 2523 874 2589 zelus
908 2522 1012 2609 (quem
1041 2525 1121 2589 certe
1150 2522 1183 2588 in
1212 2523 1300 2590 tanta
1331 2521 1512 2606 reipublicae

261 2638 446 2706 christianae
466 2638 642 2704 calamitate
665 2639 695 2703 at
718 2637 893 2704 discrimine
916 2637 1079 2706 cuiuslibet
1101 2657 1170 2706 sore
1194 2638 1355 2705 christiani
1378 2638 1513 2705 bominis

260 2756 365 2839 pectus
380 2754 511 2821 insidere
526 2752 623 2840 decet)
640 2754 740 2820 clarus
763 2753 953 2838 illustrisque
976 2752 1092 2831 extitit3
1112 2754 1311 2838 quarelruius
1331 2755 1390 2820 viri
1406 2754 1510 2820 dexte-

259 2870 351 2936 ritate
373 2869 431 2938 fide
454 2868 638 2937 etdoctrina
659 2870 845 2954 usqueadeo
867 2869 1000 2936 devincti
1022 2871 1113 2953 atque
1135 2870 1232 2936 illecti
1248 2890 1363 2950 sumus,
1387 2873 1421 2936 ut
1439 2889 1511 2955 prae

259 2986 386 3052 caeteris
402 2985 655 3069 supramemorati
669 2985 718 3051 avi
733 2984 832 3052 nostri
854 2985 1036 3054 consiliariis
1052 2985 1155 3070 ipsum
1171 2987 1271 3053 solum
1294 2985 1423 3071 dignum
1438 3005 1510 3052 cen-

259 3101 409 3168 suerimus
432 3120 522 3185 quem
545 3100 625 3186 apud
651 3119 707 3167 nos
729 3101 763 3166 in
786 3100 937 3186 ffrspania
966 3102 1146 3168 haberemus
1176 3102 1300 3186 eiusque
1331 3101 1457 3168 oonsilio
1480 3104 1511 3166 et

258 3235 346 3302 opere
368 3217 401 3282 in
423 3216 688 3284 administratione
711 3236 754 3282 sa.
777 3217 865 3286 Rom.
888 3217 1011 3301 imperii
1032 3217 1229 3301 potissimum
1251 3219 1412 3284 uteremur.
1444 3215 1511 3298 Qua

258 3333 290 3398 in
313 3353 345 3398 rc
368 3351 438 3399 oum
460 3333 548 3399 nobis
571 3333 615 3398 ita
636 3351 759 3417 operam
783 3352 872 3402 suam
894 3334 993 3412 navet
1024 3333 1162 3418 nihilque
1183 3333 1285 3418 ipsum
1309 3333 1346 3398 in
1368 3332 1510 3399 omnibus

257 3447 428 3514 actionibus
451 3449 515 3514 suis
538 3451 603 3515 tam
626 3447 708 3516 cordi
727 3448 839 3516 habere
853 3451 977 3533 tamque
1000 3447 1120 3514 studere
1142 3451 1174 3516 et
1195 3449 1298 3515 conari
1316 3447 1508 3516 animadver-

257 3565 358 3629 tamus
374 3583 467 3648 quam
481 3583 540 3648 quo
555 3566 643 3648 pacto
659 3563 825 3630 Lutherani
842 3564 953 3630 luroris
969 3563 1053 3629 virus
1069 3583 1087 3628 a
1103 3562 1269 3631 Germania
1291 3567 1395 3630 nostra
1417 3583 1508 3648 quam

256 3679 412 3746 celerrime
434 3699 470 3746 ac
499 3679 677 3764 plenissime
705 3679 852 3764 extirpari
874 3682 906 3746 et
927 3679 1017 3746 evelli
1046 3679 1159 3764 possit;
1186 3679 1254 3765 jure
1285 3678 1393 3746 merito
1423 3677 1509 3763 eogi-

256 3795 388 3868 tationes
411 3799 530 3862 nostras
546 3795 579 3861 in
601 3795 706 3862 eodem
730 3794 864 3861 ornando
886 3798 977 3880 atque
1000 3796 1187 3862 honestando
1209 3793 1422 3862 convertimus.
1446 3793 1507 3859 Vo-

256 3930 325 3977 rum
348 3929 418 3976 cum
439 3911 505 3996 ipse
527 3929 587 3978 non
610 3911 670 3977 nisi
692 3911 725 3978 in
749 3911 898 3996 superiori
914 3910 1079 3978 Germania
1101 3911 1202 3995 patria
1225 3931 1280 3978 sua
1295 3908 1509 3977 ecclesiasticis

255 4026 410 4093 beneficiis
433 4026 592 4093 donatist
615 4026 805 4093 remunerari
827 4027 938 4111 cupiat
964 4027 1110 4110 nobisque
1132 4047 1186 4111 pro
1210 4046 1290 4093 nune
1311 4027 1398 4092 nulla
1421 4025 1510 4090 sitin

256 4142 455 4226 eaprovincia
465 4141 701 4210 sacerdotiomm
711 4141 958 4209 conferendorum
968 4142 1098 4208 facultas
1107 4145 1161 4208 aut
1169 4142 1382 4248 commoditas
1390 4139 1508 4224 suppli·

256 4275 361 4323 camus
385 4258 542 4324 sanctitati
558 4259 657 4325 vestre
680 4258 775 4323 etiam
790 4260 880 4342 atque
896 4258 990 4323 etiam
1006 4257 1149 4342 dignetur
1164 4259 1212 4322 vel
1234 4259 1338 4324 nostra
1353 4275 1445 4324 causa
1460 4257 1509 4321 vel

256 4372 434 4440 eximiorum
456 4373 551 4440 etism
567 4372 642 4440 dicti
657 4373 849 4440 Balthasaris
866 4373 1042 4440 meritomm
1058 4373 1182 4453 iutuitu
1205 4374 1253 4439 vel
1267 4374 1390 4457 propter
1411 4371 1509 4456 ipsius

255 4485 288 4553 in
311 4483 455 4554 Sanctam
479 4488 572 4555 istam
596 4488 706 4558 Sedenr
730 4489 895 4576 singularia
918 4489 1013 4558 studii
1035 4490 1067 4554 et
1089 4483 1158 4558 fidei
1188 4488 1326 4554 ardorem
1348 4485 1448 4554 eidem
1471 4485 1508 4557 do
