3366 5084
778 347 999 414 ...12-

817 591 820 599 *
861 570 911 636 10.

793 734 987 795 Erasm0.

351 889 470 956 Dilecto
492 891 539 956 fili
561 892 616 956 ata.
661 892 702 956 ut
722 890 843 955 litteras
872 891 942 955 tuas
964 890 1097 973 legimus
1126 889 1257 958 libenter
1280 892 1311 956 et
1332 891 1447 956 librum
1468 891 1510 955 li-

262 1007 457 1073 bentissime:
490 1009 582 1090 atque
610 1027 645 1074 ex
674 1006 811 1090 utrisque
840 1007 885 1071 eis
913 1006 1103 1089 percepimus
1132 1024 1194 1072 non
1226 1007 1327 1072 solum
1358 1006 1511 1090 specimen

262 1122 416 1189 doctrinae
438 1141 531 1206 quam
545 1123 579 1189 in
600 1122 829 1207 teiampridem
844 1140 1080 1208 cognoveramus
1102 1123 1267 1206 egregiam,
1290 1141 1395 1188 verum
1417 1122 1511 1189 etiam

260 1238 348 1304 illam
371 1258 448 1323 quae
470 1240 558 1305 nobis
580 1258 641 1306 non
664 1239 766 1304 minus
789 1238 919 1305 iucunda
942 1239 1008 1317 tuit,
1032 1238 1063 1303 et
1085 1257 1178 1323 quam
1199 1239 1351 1321 praeclara
1366 1238 1511 1323 exprimis

261 1356 295 1421 in
316 1355 380 1421 tuis
402 1354 515 1421 litteris
545 1373 618 1439 erga
646 1372 711 1433 nos,
741 1354 982 1420 observantiam:
1021 1354 1124 1438 itaque
1147 1354 1227 1438 quod
1254 1354 1343 1420 nobis
1365 1354 1403 1420 de
1423 1354 1512 1423 aaa

261 1471 319 1536 hac
342 1470 381 1536 ad
402 1488 458 1536 noe
472 1471 532 1536 Dei
553 1470 697 1538 beneficio
720 1469 821 1535 delata
835 1467 987 1553 dignitate
1008 1469 1182 1553 gratularis,
1204 1488 1260 1556 uos
1274 1471 1511 1554 gratulationem

260 1587 347 1656 tuam
370 1586 408 1653 ab
431 1587 546 1670 optime
569 1585 672 1652 animo
694 1565 861 1669 proiectam
890 1586 977 1669 grate
1000 1585 1175 1669 accipimus,
1205 1586 1392 1670 eundemque
1421 1587 1510 1654 nobis

261 1702 301 1767 ad
322 1700 478 1769 ferendam
492 1720 581 1784 opem
603 1703 694 1785 atque
708 1701 856 1767 auxilium
871 1701 971 1768 Deum
993 1701 1175 1770 advocamus
1190 1721 1248 1786 qao
1263 1703 1419 1769 valeamus
1434 1721 1510 1786 quae

260 1836 349 1883 curae
371 1819 403 1884 et
424 1817 550 1902 vigiliae
572 1819 694 1883 nostrae
723 1819 761 1883 ab
784 1836 819 1884 eo
841 1817 908 1900 ipso
937 1817 1102 1884 commissa
1129 1820 1202 1885 sunt
1223 1820 1272 1884 vei
1293 1819 1413 1904 integra
1436 1836 1509 1884 cen-

261 1952 381 2000 servarc
403 1934 452 1999 vel
473 1933 624 2000 labefacta
645 1933 818 1999 restituere:
842 1933 881 2000 ad
902 1932 987 1999 illius
1009 1933 1131 2017 quidem
1147 1935 1250 2000 omnia
1264 1935 1404 2018 gloriam.
1427 1933 1509 2000 Nam

261 2069 316 2116 nos
340 2051 389 2115 sat
411 2068 560 2136 magnum
582 2049 715 2115 fructum
743 2049 858 2116 laboris
887 2049 985 2115 nostri
1014 2051 1169 2116 assecutos
1198 2070 1253 2118 noa
1283 2051 1509 2130 arbitrabimur,

261 2166 289 2230 si
311 2164 490 2250 diligentiae
512 2167 634 2232 nostrae
657 2166 771 2232 exitum
787 2165 983 2231 habuerimus
1006 2186 1096 2250 quem
1119 2166 1268 2250 optamus.
1307 2164 1406 2247 Quare
1430 2167 1457 2232 si
1472 2166 1510 2232 de

260 2281 349 2347 nobis
379 2281 476 2347 sentis
506 2281 761 2365 quamadmodum
792 2281 900 2348 scribis
929 2282 1107 2361 honorifice,
1135 2283 1215 2366 qnod
1244 2283 1324 2349 bona
1346 2285 1509 2362 voluntate,

260 2397 392 2481 quaein
415 2396 503 2463 nobis
519 2399 574 2476 est,
597 2398 684 2481 potes
699 2416 761 2463 una
783 2417 850 2463 esse
872 2398 1048 2476 contentus,
1071 2398 1295 2482 praestabimus
1310 2399 1451 2482 proiecto,
1474 2401 1509 2464 ut

260 2531 329 2579 vere
350 2513 491 2597 recteque
514 2513 644 2580 sentias:
680 2533 735 2580 uec
757 2515 788 2578 te
810 2513 847 2579 de
876 2513 964 2579 nobie
987 2514 1075 2580 fallet
1097 2515 1272 2598 expectatio.
1319 2513 1375 2581 Sin
1396 2516 1507 2594 autem,

259 2629 339 2713 quod
361 2647 417 2694 nes
439 2629 563 2714 ingenio
579 2648 621 2706 ‚ac
644 2629 794 2713 sapientia
815 2647 903 2714 pares
926 2631 1012 2696 tante
1035 2631 1119 2696 oneri
1142 2629 1264 2697 ferendo
1287 2649 1353 2698 essa
1382 2630 1507 2710 iudicas,

257 2763 353 2829 neque
382 2745 577 2829 agnoscimus
609 2745 731 2812 laudem
754 2745 847 2823 hano;
871 2747 902 2812 et
924 2745 983 2812 Dei
1005 2747 1109 2813 tamen
1131 2747 1202 2814 freti
1220 2747 1425 2831 benignitate,
1447 2767 1508 2812 non

193 2843 196 2852 ⁵
257 2861 426 2927 diffidimus
456 2861 600 2927 daturum
629 2881 699 2928 eum
728 2861 817 2927 nobis
845 2861 1033 2942 facultatem,
1064 2863 1181 2946 aliquid
1212 2864 1345 2929 salutare
1368 2864 1399 2928 et
1421 2881 1505 2928 conn-

256 2976 382 3043 modum
411 2976 604 3058 conficiendi,
633 2977 687 3062 qui
716 2977 800 3043 dedit
828 2978 860 3043 ot
888 2977 1085 3044 voluntatem.
1131 2980 1190 3045 Pro
1220 2979 1305 3045 cuius
1333 2979 1446 3045 honore
1476 2979 1508 3044 et

256 3092 387 3170 nomine,
417 3092 497 3176 quod
525 3094 561 3158 tu
589 3111 706 3178 quoque
735 3093 857 3159 assidue
886 3092 1034 3160 laborasti
1063 3097 1095 3161 et
1122 3095 1258 3174 laboras,
1289 3095 1349 3161 fers
1379 3096 1413 3160 tu
1442 3095 1505 3160 iam

256 3207 378 3292 qnidam
394 3227 455 3274 nou
469 3209 618 3276 mediocre
633 3209 804 3294 praemium
820 3209 986 3294 singularis
1002 3210 1083 3294 apud
1097 3228 1203 3276 omnes
1218 3209 1505 3276 commendationis:

255 3324 291 3390 ut
312 3324 426 3390 mirum
448 3342 510 3391 non
533 3325 582 3406 sit,
611 3326 642 3390 te
665 3343 683 3390 a
705 3325 814 3391 multis
842 3327 965 3410 propter
993 3325 1109 3392 iarnam
1137 3326 1254 3411 ingenii
1276 3345 1311 3392 ac
1332 3327 1505 3392 litterarum

255 3439 390 3524 flagitari
412 3442 443 3506 ct
465 3440 571 3524 expeti.
618 3437 736 3521 Quibus
766 3440 846 3525 quod
869 3441 1028 3525 anteponis
1060 3443 1166 3508 mbom
1196 3442 1284 3522 hano,
1315 3441 1504 3509 domicilium

255 3574 324 3621 vere
346 3556 503 3622 doctorum
525 3558 616 3640 atque
637 3557 836 3640 prudentum,
859 3557 1074 3640 gratissimum
1094 3559 1181 3624 nobis
1204 3561 1266 3636 est;
1296 3560 1387 3642 inque
1410 3577 1453 3638 ee,
1478 3559 1504 3624 si

218 3661 221 3668 ’
255 3671 314 3736 hue
336 3672 367 3737 te
389 3672 561 3750 contuleris,
583 3671 680 3738 usuri
695 3691 799 3738 sumus
822 3671 853 3738 to
874 3673 1092 3751 libentissima
1117 3693 1302 3759 quemquam
1324 3673 1506 3757 ubicumque

254 3787 349 3853 fueris
370 3788 530 3870 locorum,¹
548 3806 604 3854 neo
626 3788 680 3853 tua
702 3787 800 3853 virtus
823 3807 858 3853 ex
882 3789 984 3856 animo
1006 3790 1120 3869 nostro,
1150 3809 1246 3874 nequa
1268 3789 1416 3856 memoria
1438 3790 1503 3855 eia·

254 3903 357 3970 betur:
380 3903 620 3988 habebimusque
643 3921 763 3988 semper
786 3906 1018 3971 monumentum
1041 3905 1122 3989 apud
1144 3923 1208 3984 nos,
1237 3905 1305 3970 tum
1326 3905 1504 3989 perpetuam

253 4020 391 4084 nostram
414 4017 451 4084 de
473 4019 527 4084 tua
541 4019 711 4103 praestanti
734 4018 871 4086 doctrina
887 4021 1075 4104 opinionem;
1098 4022 1166 4086 tum
1188 4020 1245 4086 hoc
1264 4019 1378 4086 denum
1401 4039 1503 4086 recens

254 4135 345 4218 atque
375 4152 496 4214 nevum,
526 4134 600 4214 eius,
630 4154 720 4220 quem
742 4135 859 4202 misisti
889 4136 928 4201 ad
954 4155 1018 4216 nos,
1046 4137 1079 4202 in
1102 4139 1170 4202 acta
1199 4137 1414 4220 apostolorum,
1442 4149 1503 4202 non

254 4248 356 4315 minus
379 4249 436 4334 pie,
459 4269 551 4334 quam
574 4251 690 4318 erudite
712 4251 874 4336 perscripti
902 4251 989 4331 libri3
1019 4271 1110 4338 quem
1132 4272 1197 4332 nos,
1225 4253 1306 4320 inter
1327 4250 1503 4318 carissimas

254 4383 303 4431 res
325 4365 447 4432 nosbas
462 4366 599 4433 habituri
621 4387 736 4435 sumus.
774 4368 819 4435 Ae
842 4368 1049 4454 cogitantibus
1071 4369 1159 4435 nobis
1181 4369 1369 4450 iamdudum,
1392 4387 1451 4454 quo
1471 4369 1503 4434 te

251 4479 413 4550 honestare
426 4499 594 4568 possemus,
616 4503 670 4570 pro
685 4484 807 4554 tuarum
825 4483 976 4556 virtutum
997 4484 1125 4568 meritis,
1146 4486 1331 4568 ornamento,
1355 4484 1499 4572 queniam
