3366 5084
778 311 1002 382 -52-'··

260 509 292 576 et
314 529 401 577 meus
424 511 512 592 esset,
535 513 571 576 ut
592 529 663 576 oum
685 511 789 577 omnia
811 511 850 577 ad
872 513 904 578 te
926 513 1058 593 referret
1081 513 1253 580 ostenderet
1268 515 1372 581 tamen
1393 513 1512 580 intelli-

260 647 332 713 gere
347 649 379 694 se
393 647 499 711 pacem
514 627 564 692 his
579 627 765 692 calamitosis
789 629 976 712 temporibus
992 629 1123 696 afflictae
1145 629 1365 696 christianitati
1379 629 1513 694 maxime

260 765 326 822 esse
349 743 566 825 necessariam:
596 744 670 808 haec
692 742 865 830 litterarum
889 744 1073 828 significatio
1102 764 1158 810 nos
1180 744 1355 812 fidentiores
1377 745 1450 812 fecit
1473 743 1512 809 ad

258 859 497 926 conveniendum
526 879 596 924 oum
618 878 688 943 roge
717 859 791 942 ipso,
821 861 856 925 ut
878 879 948 925 cum
978 861 1072 925 saluti
1100 863 1131 926 et
1161 837 1380 945 tranquillitati
1408 880 1511 926 rerum

258 978 432 1043 nostrarum
446 975 679 1054 consuleremus,
701 975 751 1040 his
769 976 862 1042 etiam
882 975 1025 1058 auspiciis
1041 995 1117 1060 quae
1133 977 1274 1059 optamus
1298 980 1329 1043 et
1351 995 1509 1062 precamur

136 1149 140 1156 .
258 1092 376 1172 solatia,
398 1091 522 1175 reliquis
544 1091 627 1156 viam
649 1093 681 1154 et
701 1091 761 1156 iter
776 1091 988 1156 sanctissimae
1009 1091 1093 1174 pacis
1117 1092 1352 1158 ostenderemus.
1376 1091 1508 1156 Nostrae

258 1210 362 1274 autom
383 1225 478 1273 novae
501 1205 708 1272 consentionis
732 1206 865 1289 capitula
895 1206 954 1271 etsi
976 1206 1043 1290 ipsa
1071 1207 1161 1272 facile
1191 1209 1351 1292 aperteque
1380 1207 1507 1272 demon-

258 1323 387 1388 strant.
411 1374 418 1388 .
442 1320 481 1408 .¹)
527 1321 608 1387 Data
630 1341 657 1388 v.
681 1320 822 1387 Januarii
844 1321 962 1387 mdnnv.
1008 1322 1097 1387 Anno
1119 1323 1257 1389 secundo.

857 1565 909 1632 37.

770 1710 999 1772 Eboraoensi.

341 1847 460 1914 Diloote
482 1845 530 1911 tili
551 1847 655 1911 noster
676 1847 731 1911 otc.
777 1845 814 1911 ln
844 1847 928 1912 omni
950 1849 1059 1913 eventu
1088 1861 1189 1913 rerum
1218 1845 1370 1912 credimus
1392 1865 1448 1912 nos
1471 1848 1502 1913 ot

252 1964 316 2029 Deo
339 1963 371 2027 et
392 1961 494 2027 debito
509 1963 613 2027 nostro
636 1961 861 2027 satisfaoero'si
883 1963 921 2026 ab
943 1961 1059 2044 optima
1080 1961 1177 2045 patris
1199 1961 1371 2028 communis
1393 1963 1505 2028 volun·

251 2080 323 2156 tato,
352 2080 384 2143 ot
412 2096 431 2142 a
460 2076 681 2142 conservandae
711 2077 782 2160 reip.
812 2076 997 2142 christianae
1026 2076 1192 2162 cupiditate
1223 2096 1285 2143 uon
1314 2076 1506 2143 discedimus.

251 2196 296 2260 Ac
327 2212 490 2279 possumus
519 2191 659 2257 fortassis
688 2192 771 2267 falli;
803 2192 855 2257 sed
878 2193 983 2258 tamen
1012 2212 1065 2276 pro
1095 2195 1176 2258 certo
1206 2185 1354 2258 habemus
1378 2195 1409 2258 ot
1430 2212 1507 2277 pene

250 2309 412 2375 manifesto
435 2307 595 2388 cernimus,
618 2309 720 2373 tantos
743 2307 962 2372 christianitati
984 2307 1116 2374 afflictae
1137 2310 1245 2386 metus,
1269 2309 1356 2373 tanta
1371 2308 1504 2392 pericula

247 2423 430 2509 impendere,
453 2423 489 2488 ut
503 2423 565 2488 nisi
579 2422 729 2488 Dominus
745 2422 828 2488 Deus
844 2441 899 2488 sna
914 2423 1061 2488 ineffabili
1077 2423 1283 2489 misericordia
1305 2443 1393 2506 opem
1416 2424 1503 2501 ierat,

246 2541 400 2625 insignem
422 2539 557 2623 aliquam
586 2539 707 2604 ruinam
729 2539 818 2604 rebus
841 2538 1017 2604 christianis
1046 2539 1182 2621 proxima
1212 2540 1328 2603 aestate
1358 2539 1498 2622 paratam

246 2675 313 2722 ossa
334 2655 554 2739 intelligamus.
578 2651 665 2733 Quod
686 2673 741 2719 nos
764 2653 887 2738 quidem
909 2673 970 2719 non
984 2653 1160 2719 destitimus
1187 2653 1360 2736 praedicare
1383 2656 1415 2720 et
1431 2673 1499 2719 mo-

247 2791 325 2850 nera,
354 2772 430 2838 haec
458 2769 579 2854 ponitus
608 2787 695 2834 arma
722 2769 887 2845 horrentes,
917 2787 994 2852 qnae
1022 2769 1055 2834 in
1077 2769 1242 2852 perniciem
1265 2768 1502 2834 christianitatis

246 2889 420 2972 assumpta,
441 2905 498 2952 nec
512 2884 695 2968 pertinaciae
717 2885 819 2962 finem,
842 2903 897 2949 noc
912 2884 1018 2949 damni
1039 2885 1071 2948 et
1093 2884 1280 2949 calamitatis
1295 2884 1413 2950 faciunt
1430 2903 1496 2949 mo·

247 3001 329 3068 dum.
382 2999 441 3068 Sed
470 3002 575 3066 tamen
603 3019 673 3065 cum
701 2999 735 3064 in
763 3000 862 3065 officio
893 2999 963 3065 boni
992 2999 1124 3083 pastoris
1153 2999 1402 3065 constantissime
1431 3019 1501 3083 per-

247 3118 443 3195 stitissemus‚
467 3117 498 3180 ct
520 3133 555 3181 es
578 3115 637 3179 Dei
659 3133 695 3180 ac
717 3115 781 3180 veri
809 3115 962 3198 pontificis
985 3115 1095 3212 dehita,
1119 3117 1150 3180 et
1171 3115 1275 3199 inopia
1298 3115 1392 3180 otiam
1408 3114 1500 3179 huius

247 3230 317 3299 sae
340 3230 427 3299 Sedis
450 3249 505 3297 nos
527 3231 560 3299 in
576 3230 682 3296 eadem
705 3229 857 3296 sententia
879 3231 1092 3295 confirmante:
1116 3230 1236 3314 egimus
1259 3229 1415 3314 hucusque
1430 3249 1500 3313 pro·

245 3347 331 3414 cibus
346 3346 541 3431 consiliisque
555 3348 591 3411 ut
605 3346 688 3430 pacis
704 3345 866 3430 aliquando
881 3345 1037 3422 ineundae,
1056 3347 1087 3410 et
1102 3345 1276 3411 concordiae
1292 3345 1497 3412 conciliandae

246 3463 324 3529 ratio
347 3463 522 3538 habetatum
553 3462 619 3527 sine
648 3481 708 3544 qua
736 3480 809 3545 pace
832 3461 1041 3526 christianitas
1071 3460 1111 3525 ad
1139 3463 1309 3526 extremum
1337 3461 1498 3527 interitum

246 3579 328 3643 essct
349 3577 413 3644 iam
435 3577 596 3661 perducta;
620 3595 674 3643 nec
697 3579 777 3642 ullae
801 3580 905 3642 tamen
927 3595 1024 3654 aurea,
1042 3578 1097 3640 aut
1119 3577 1252 3642 ullorum
1274 3576 1372 3642 animi
1394 3596 1497 3642 eorum

245 3693 299 3777 qui
319 3693 353 3759 in
368 3693 463 3758 armis
479 3693 559 3771 sunt
582 3692 705 3758 vocibus
720 3692 818 3757 adhuc
834 3692 947 3757 nostris
963 3691 1041 3756 voris
1065 3692 1096 3757 et
1115 3690 1301 3757 salutaribus
1323 3693 1498 3775 paruerunt.

242 3807 344 3892 Igitur
366 3807 508 3874 omnibus
523 3807 650 3873 tentatis
667 3807 734 3887 viis,
757 3828 828 3873 cum
843 3807 939 3874 nichil
960 3826 1014 3890 per
1029 3825 1084 3871 nos
1107 3806 1200 3873 fuerit
1214 3807 1392 3891 profectum
1408 3809 1496 3890 plus·

242 3942 301 4008 que
322 3923 493 4007 aliquorum
515 3922 680 3988 obstinatio
709 3942 802 4006 quam
824 3924 929 3988 nostra
950 3922 1077 3987 consilia
1099 3922 1258 4003 valuerint,
1289 3922 1495 4006 superioribus

244 4057 314 4105 vero
337 4038 444 4106 diebus
459 4039 643 4104 mancorum
659 4057 709 4103 res
725 4038 840 4103 viribus
863 4038 1016 4122 copiisque
1031 4037 1202 4122 prepollens
1220 4057 1347 4104 manum
1362 4037 1499 4104 militum

244 4153 284 4219 ad
305 4173 434 4239 regnum
450 4153 688 4239 Neapolitanum
710 4153 892 4220 tentandum
914 4153 1037 4219 mittero
1060 4153 1254 4231 instituisset
1283 4153 1404 4236 egimus
1428 4156 1500 4219 tunc

338 4367 355 4428 ¹]
374 4369 438 4429 oum
456 4373 585 4429 monentur
603 4373 660 4419 sunt
677 4371 756 4418 cadom
776 4383 803 4418 sc
816 4371 840 4417 in
859 4370 960 4430 epistola
977 4371 1084 4428 sequenti
1106 4370 1203 4418 mutetis
1216 4370 1342 4429 mittendis,
1361 4372 1389 4418 ut
1401 4372 1499 4418 notatur

242 4469 273 4522 in
291 4467 407 4528 originali.
