3400 5088
695 334 940 412 -1ts-

189 528 381 623 potestatem,
412 537 619 605 oortissimum
642 537 789 606 habentes
812 539 891 606 hano
913 540 1052 606 nostram
1074 529 1290 625 provisionem,'
1316 531 1443 608 stdili·

190 653 327 738 gentiam
349 654 444 720 turam.
466 653 522 720 isti
544 655 610 739 regi
632 655 810 736 olarimimq
833 655 883 722 oui
904 674 960 722 nos
983 656 1150 741 plurimum
1172 657 1206 722 in
1228 655 1312 724 omni
1341 675 1443 723 amoro

190 771 222 835 et
242 769 275 834 in
297 769 421 836 uirtutis
442 770 556 837 honore
578 770 751 851 tribuimus,
773 772 837 838 fore
858 772 1079 856 gratissimam.
1126 773 1241 838 Datum
1256 774 1372 840 Romae
1394 773 1443 839 die

190 885 246 950 rix.
270 885 346 952 Maii
367 886 487 952 mdrxv.
532 886 620 953 Anno
643 887 781 953 seeundo.

783 1147 855 1214 105.

714 1293 934 1376 llrolrlduei.¹
963 1360 965 1364 ,

279 1466 397 1532 Dilecta
420 1465 474 1532 iili.
520 1463 596 1533 Cum
612 1467 746 1552 primurn
769 1468 810 1533 ad
832 1486 888 1535 nos
911 1468 970 1533 ibit
984 1469 1115 1534 ellstum
1137 1469 1174 1535 de
1196 1470 1241 1536 ais
1257 1471 1456 1537 tumultibus-

190 1581 242 1666 qui
264 1583 500 1666 perpopulatos
523 1584 554 1648 et
577 1585 707 1649 rusticos
729 1583 763 1648 in
786 1581 952 1649 Germania
981 1584 1127 1650 oonoitati
1148 1587 1286 1651 omnium
1310 1586 1441 1653 fortunis

189 1700 220 1762 et
235 1697 439 1782 dignitatibus
454 1699 653 1778 minarentur,
676 1698 736 1764 etsi
758 1718 806 1764 res
828 1699 883 1764 illa
906 1700 995 1766 nobis
1010 1701 1117 1766 auditu
1139 1701 1198 1767 brit
1213 1701 1441 1782 molestissime,

189 1813 243 1896 qui
264 1813 539 1880 innumerabilibus
555 1815 635 1880 eune
650 1815 682 1882 et
704 1814 858 1898 angustiis
881 1815 1075 1881 circumsessi
1090 1816 1129 1881 sd
1151 1835 1256 1883 omnes
1273 1819 1323 1884 uix
1338 1819 1441 1884 animo

190 1929 327 1995 sufficere
348 1949 526 2014 possumus3
549 1931 654 1996 umen
676 1949 795 2015 semper
826 1932 1014 2015 speravimus
1043 1933 1238 2000 nobilitatam
1266 1935 1353 2000 tuam
1384 1952 1439 2000 sua

189 2046 320 2130 quadem
343 2045 521 2112 dexteritate
543 2049 575 2112 et
596 2045 758 2131 prudentia
786 2065 848 2112 non
877 2047 1044 2114 diffieiliter
1066 2049 1130 2114 illis
1159 2049 1303 2134 perieulis
1333 2069 1438 2117 ooour·

190 2181 292 2226 suram
308 2164 339 2228 et
354 2163 565 2246 imperitomm
580 2163 699 2228 animos
715 2163 895 2229 austeritate
910 2163 1115 2246 plaoaturam;
1138 2168 1244 2249 postea
1259 2185 1329 2233 vero
1347 2185 1441 2250 quam
1581 2205 1589 2224 ·

189 2279 259 2343 aliis
282 2281 372 2362 atque
394 2277 465 2343 eliis
489 2278 609 2344 nunriis
631 2279 848 2359 intelleximus,
879 2281 1009 2346 maiores
1033 2281 1167 2365 qnotidie
1190 2285 1292 2347 motus
1315 2282 1349 2347 in
1371 2283 1442 2347 istis

188 2394 263 2460 leois
286 2394 440 2474 oonoitari
462 2396 613 2460 testamur
635 2394 734 2460 Deum
758 2394 805 2460 lili
827 2395 994 2475 carissime,
1024 2415 1080 2462 nos
1104 2415 1174 2462 oum
1197 2397 1267 2462 aliis
1298 2399 1441 2465 omnibus

189 2511 289 2576 tausis
312 2513 343 2576 et
364 2510 542 2589 rationibus,
572 2513 640 2576 turn
672 2529 741 2576 vero
764 2511 802 2577 ob
825 2530 896 2577 enm
919 2530 979 2596 qno
1008 2513 1041 2577 to
1062 2513 1274 2597 prosequimur
1305 2533 1441 2581 amorem

189 2647 343 2692 summum
366 2629 398 2693 et
420 2627 608 2711 singularem
623 2643 736 2710 magno
759 2625 861 2693 dolore
875 2627 971 2693 fuisso
993 2627 1131 2705 affeolosr
1155 2647 1340 2713 quamquam
1358 2629 1440 2695 enim

187 2743 221 2808 in
235 2744 293 2808 hoo
313 2743 397 2809 malo
419 2742 518 2808 multe
532 2741 724 2808 inoommodn
746 2743 861 2821 insunt,
883 2761 960 2827 quae
982 2761 1038 2810 nos
1060 2744 1165 2829 gregis
1188 2745 1286 2811 nostri
1309 2746 1441 2812 salutem

188 2877 352 2943 petamque
375 2859 552 2942 quaerentes
575 2858 769 2926 vehementer
782 2859 971 2942 perturbant,
993 2861 1097 2926 tamen
1112 2859 1190 2925 illud
1212 2863 1260 2926 est
1282 2861 1315 2925 in
1337 2861 1440 2926 animo

189 2978 292 3042 nostro
314 2975 484 3053 maximum
506 2975 538 3040 et
552 2973 780 3059 gravissimum,
803 2973 883 3059 quod
897 2976 929 3040 te
950 2975 1046 3040 telem
1069 2977 1100 3040 et
1115 2976 1172 3041 teli
1187 2977 1301 3042 virtute
1317 2976 1441 3060 ingenio

189 3090 380 3157 humanitate
402 3089 563 3174 prudentia
584 3089 747 3174 preditum,
770 3088 978 3158 clarissimum
1001 3091 1329 3176 religiosissimumque
1351 3092 1437 3175 prin-

189 3207 295 3291 oipem,
317 3208 366 3273 his
389 3207 532 3291 perieulis
555 3225 590 3272 eo
604 3207 758 3272 aerumnis
780 3206 906 3292 indigne
921 3206 1048 3274 ferimus
1063 3207 1239 3286 conflictari,
1262 3227 1338 3291 quae
1353 3208 1441 3273 nobis

188 3323 245 3388 hoo
267 3323 361 3390 etiam
383 3323 525 3390 videntur
546 3322 722 3388 iniustiores
745 3341 804 3407 quo
827 3323 880 3388 tna
894 3319 935 3388 'in
956 3323 1022 3388 illis
1045 3323 1147 3407 magis
1169 3324 1201 3389 et
1222 3323 1320 3388 virtus
1343 3324 1441 3398 eluoet

189 3441 330 3506 atanimi
345 3438 532 3524 magnitudo,
557 3457 617 3505 non
640 3438 723 3504 enim
738 3437 820 3504 cedis
838 3439 936 3505 labori
959 3457 1055 3523 nequo
1070 3438 1327 3506 suoonmbendnm
1350 3443 1440 3523 putas

189 3555 242 3621 sad
264 3556 328 3621 ulta
350 3556 381 3621 et
402 3557 502 3622 erecta
524 3554 627 3620 monte
649 3555 729 3620 nihil
751 3554 884 3621 exoritur
898 3554 1051 3638 repentini
1071 3555 1156 3634 mali.
1180 3555 1230 3620 oni
1250 3555 1286 3620 tu
1301 3573 1362 3620 non
1385 3573 1438 3620 su-

188 3671 288 3737 bitum
311 3689 443 3756 opponas
466 3670 643 3736 remedium.
667 3668 789 3750 Quanto
811 3672 914 3737 eutem
937 3670 1036 3736 maior
1057 3673 1111 3736 tua
1133 3670 1170 3736 lit
1191 3671 1290 3737 virtus
1313 3671 1344 3736 et
1365 3689 1439 3736 oon·

190 3786 312 3865 stantia,
334 3789 420 3852 unte
443 3806 478 3852 ea
494 3805 570 3870 quae
593 3788 623 3852 te
645 3787 758 3870 premit
772 3787 959 3871 perturbatio
982 3786 1121 3852 odiosior.
1167 3787 1273 3870 Itaque
1288 3805 1343 3852 nos
1359 3805 1439 3853 nun·

189 3920 281 3985 qnam
311 3903 468 3968 molestius
491 3902 620 3968 tulimus
652 3902 731 3966 hano
752 3920 829 3985 quae
851 3919 907 3967 nos
936 3919 1095 3986 oppressos
1126 3903 1211 3969 tenet
1241 3901 1329 3970 Sedis
1352 3919 1441 3988 aprue

188 4016 416 4101 impotentiam
440 4019 586 4084 vadamus
609 4017 692 4083 enim
715 4017 743 4082 si
764 4018 878 4096 lieeret
908 4035 943 4084 aa
966 4018 1025 4084 tibi
1048 4036 1138 4102 posse
1159 4019 1266 4086 aliene
1295 4019 1440 4100 subsidia,

188 4152 242 4216 per
263 4152 340 4218 quae
362 4134 393 4197 et
415 4132 633 4217 tranquillitati
661 4135 733 4198 brea
755 4135 787 4199 et
809 4133 907 4199 amori
928 4135 1033 4199 nostro
1055 4135 1088 4200 in
1110 4136 1142 4200 te
1165 4135 1334 4204 satisfieret.
1381 4133 1441 4202 Sed

188 4267 247 4332 quo
269 4267 326 4314 nos
347 4252 502 4314 vertamur
523 4267 587 4314 non
606 4248 764 4328 habemus,
787 4248 827 4314 ad
849 4249 964 4315 veteres
987 4249 1070 4315 eninr
1092 4251 1212 4316 nostras
1235 4250 1441 4330 difficultates,

191 4383 286 4430 norae
309 4363 429 4448 aliquae
456 4381 610 4432 aoeessme
632 4381 708 4448 ques
731 4365 817 4432 norit
845 4365 953 4431 noun·
975 4365 1045 4441 tua;
1068 4383 1165 4450 nequo
1187 4384 1267 4430 nuno
1289 4365 1441 4444 atdnerot

189 4479 290 4544 faeere
307 4497 363 4545 nos
378 4479 488 4546 borum
504 4496 604 4546 rerum
628 4479 815 4546 mentionem
837 4479 899 4546 nisi
913 4479 969 4544 illo
991 4480 1094 4545 animo
1117 4497 1254 4548 essemus
1270 4479 1372 4546 omnia
1387 4481 1441 4545 tus
