3396 5090
807 331 1051 402 -162-

896 557 967 622 118.

768 723 861 812 11331·
880 725 1091 785 Sabaudiae.

391 881 509 946 Dileote
530 879 585 944 fili.
630 876 849 944 Gratissimum
878 880 966 944 nobis
996 879 1055 944 fuit
1084 897 1262 964 cognoscere
1291 898 1327 944 ox
1354 879 1464 946 dilecto
1487 879 1550 944 tilio

301 996 491 1063 Riehardono
515 978 686 1061 Camerario
708 998 760 1060 tuo
783 995 954 1060 nobilitatis
977 997 1048 1060 tuae
1071 995 1198 1061 consilia
1219 997 1287 1060 tum
1309 994 1461 1061 laudanda
1483 995 1549 1078 ipsa

300 1132 353 1196 per
377 1133 416 1192 33,
440 1113 507 1177 tum
529 1111 617 1177 nobis
640 1111 733 1176 etiam
757 1129 791 1176 eo
812 1091 989 1177 iucundiora
1012 1111 1091 1195 quod
1115 1130 1268 1176 summam
1291 1113 1377 1176 tuam
1400 1129 1472 1195 erga
1494 1129 1549 1176 nos

301 1230 457 1295 declarant
473 1227 718 1305 benivolentiam,
742 1226 789 1291 oui
805 1245 860 1293 nos
883 1228 1007 1312 quidem
1029 1227 1096 1310 pari
1110 1245 1212 1292 amore
1235 1225 1459 1310 respondemus.
1489 1227 1550 1291 Iter

298 1345 422 1429 quidem
436 1345 524 1409 tuum
548 1361 607 1408 nou
623 1343 711 1408 modo
728 1343 790 1409 foro
805 1343 880 1409 utile
896 1344 1089 1423 arbitramur,
1106 1344 1320 1409 verumetiam
1336 1341 1549 1417 honorificum

299 1460 432 1526 multum
461 1459 543 1524 enim
567 1459 731 1524 auotoritas
754 1460 808 1523 tua
837 1459 984 1524 momenti
1014 1459 1102 1524 affert
1124 1459 1164 1523 ad
1193 1459 1443 1542 oompositionem
1465 1456 1549 1542 pasis

297 1578 328 1642 31
351 1574 512 1641 addenda
535 1574 662 1640 consilia
685 1573 755 1638 fidei
779 1572 893 1639 Christi
916 1575 947 1639 et
969 1573 1182 1657 propulsandis
1205 1574 1442 1640 ohristienitatis
1464 1573 1545 1656 pori·

297 1692 374 1756 aulis
396 1692 571 1774 opportuna.
617 1691 701 1755 Inter
724 1707 799 1772 quea
823 1708 883 1755 non
905 1689 1081 1756 dubitamus
1104 1691 1242 1755 nostram
1264 1708 1382 1774 quoque
1404 1690 1436 1754 et
1460 1687 1546 1754 Sedis

297 1806 480 1890 apostolieae
503 1805 686 1890 dignitatem
717 1805 776 1869 tibi
798 1805 881 1870 oordi
903 1805 980 1880 fore;
1011 1806 1084 1870 haeo
1108 1805 1190 1871 enim
1220 1805 1324 1871 omnia
1345 1803 1435 1870 nobis
1457 1803 1548 1870 dete

297 1924 350 1987 tua
372 1922 512 2004 prestans
535 1921 633 1986 virtus
656 1921 686 1985 31
709 1921 807 2003 pietas
830 1920 995 2002 pollicetur.
1043 1919 1101 1986 Sed
1124 1922 1198 1986 haee
1221 1939 1257 1986 en
1279 1920 1385 1986 eodem
1407 1919 1473 2004 ipso
1489 1919 1546 1986 Ri-

296 2036 447 2104 eherdone
468 2054 639 2121 eognosees¹
662 2037 711 2100 oui
727 2035 817 2101 fidem
840 2036 975 2102 habebis.
1023 2037 1137 2101 Datum
1154 2037 1268 2102 Romae
1291 2035 1412 2102 313113
1433 2033 1548 2101 113111

296 2152 414 2218 mlxxv.
460 2151 550 2217 Anno
574 2151 711 2218 seeundo.

380 2382 501 2450 Nunnio
524 2384 557 2449 in
581 2383 717 2468 Ungeriu
742 2383 869 2468 (Baroni
883 2383 1011 2469 Burgio)
1037 2403 1089 2467 pro
1111 2383 1246 2466 pecuniis
1269 2383 1414 2448 detrustis
1431 2403 1448 2447 u
1465 2383 1545 2448 lire·

292 2501 400 2566 313113.
447 2499 524 2565 Julii
547 2499 590 2565 iii.
615 2519 693 2564 anno
716 2500 752 2565 ut
775 2519 874 2583 supra.

889 2761 960 2825 119.

819 2924 1013 2984 Caesari

381 3079 553 3146 Carissimo.
602 3077 678 3144 (lum
695 3078 829 3144 venisset
843 3079 882 3143 ad
898 3097 952 3143 nos
977 3079 1029 3144 dil.
1045 3078 1086 3144 fil.
1104 3079 1300 3145 Hieronimus
1322 3079 1361 3146 de
1375 3079 1546 3145 Frmeisois

291 3199 498 3264 loeumtenens
515 3197 699 3261 summarias
715 3194 852 3277 Neapoli,
868 3195 984 3279 iterque
1000 3195 1038 3260 ed
1055 3201 1159 3261 eor.tem
1178 3196 1263 3260 tuam
1279 3195 1439 3262 habiturus
1454 3197 1536 3262 esset

289 3313 423 3380 vidimus
445 3332 515 3378 oum
539 3329 611 3377 sane
634 3311 771 3388 libenter,
795 3312 862 3376 tum
884 3311 1042 3394 propteroa
1064 3310 1144 3394 quod
1166 3329 1202 3375 en
1223 3310 1287 3375 tuis
1309 3311 1340 3376 31
1363 3310 1443 3377 vioos
1465 3311 1535 3376 tuus

289 3428 452 3514 agentibus
469 3427 543 3504 orat
565 3427 633 3491 tum
656 3426 735 3510 quod
757 3426 822 3509 ipse
845 3444 961 3510 quoque
985 3426 1049 3492 suia
1073 3425 1238 3490 virtutibus
1261 3428 1292 3491 31
1314 3425 1476 3509 prudentia
1490 3428 1539 3492 331

289 3543 471 3628 diligendus
518 3542 591 3607 Eius
607 3541 738 3607 adventu
754 3542 792 3606 ad
816 3553 921 3607 sarton
944 3544 1039 3620 tuam,
1064 3542 1122 3607 etsi
1137 3540 1363 3608 confidebamus
1386 3543 1418 3607 to
1435 3542 1542 3627 cogni·

288 3662 392 3726 turum
410 3675 450 3724 en
472 3677 506 3723 oo
524 3656 633 3723 omnia
655 3677 730 3740 quae
754 3658 787 3722 in
810 3657 859 3722 113
882 3656 944 3721 oris
967 3660 1114 3740 geruntur
1137 3659 1171 3722 et
1196 3657 1298 3740 aliqua
1320 3658 1481 3740 presertim
1504 3658 1543 3724 ed

288 3777 375 3841 tuum
398 3775 429 3840 31
452 3775 588 3838 nostrum
612 3773 757 3838 honorem
781 3772 956 3856 spectantia,
980 3771 1066 3838 ouius
1090 3772 1192 3856 aliqua
1214 3772 1332 3838 iactura
1354 3774 1410 3851 est,
1433 3773 1540 3839 'lurois

288 3891 319 3956 31
342 3888 516 3954 infidelibus
539 3887 639 3954 vicina
661 3889 759 3952 maria
782 3907 851 3953 oum
873 3890 925 3953 tuo
948 3888 1110 3971 nostroque
1134 3888 1541 3972 contemptuobtinentibus

289 4006 321 4069 31
342 4004 451 4069 ennete
473 4002 736 4086 depopulantibus,
760 4005 864 4069 temen
893 4003 987 4068 loeuti
1011 4022 1118 4069 sumus
1141 4023 1211 4069 oum
1234 4003 1338 4069 eodem
1362 4005 1489 4089 largiter
1511 4009 1541 4071 at

289 4117 363 4203 quid
384 4119 542 4201 cupiemus
564 4137 654 4202 agere
678 4119 756 4182 eirea
781 4119 853 4184 haee
876 4125 980 4183 sor.tem
1005 4120 1099 4197 tuam,
1123 4121 1154 4184 31
1176 4119 1339 4202 quomodo
1358 4121 1446 4186 nobis
1469 4138 1538 4204 pro-

289 4235 453 4301 videndum
475 4252 543 4299 3333
564 4234 717 4308 vineatum
747 4234 905 4300 hortamur
928 4234 1030 4318 itaque
1054 4241 1157 4299 sor.tom
1188 4237 1274 4300 tuam
1296 4235 1329 4299 in
1351 4236 1483 4302 Domino
1507 4239 1540 4301 ut

289 4348 328 4415 ad
350 4349 440 4414 deeus
464 4349 521 4412 Dai
543 4350 574 4414 31
597 4347 667 4413 fidei
683 4349 867 4416 christianae
890 4369 924 4414 ac
947 4351 1032 4414 tuam
1049 4349 1282 4433 amplitudinem
1302 4351 1539 4418 conservandum

288 4484 364 4549 quae
387 4463 475 4529 nobis
499 4483 568 4529 oum
591 4465 645 4528 illo
669 4466 893 4531 communicata
917 4466 1049 4530 suntad
1074 4466 1268 4531 securitatem
1290 4465 1430 4532 littorum
1453 4485 1537 4534 oom-
