3396 5090
785 307 1028 374 ..230-

279 498 327 564 ins
349 501 382 565 at
403 498 578 566 libertatem
601 501 770 580 sacerdotii,
794 519 887 586 quam
911 501 1096 569 sacerdotem
1119 520 1214 568 unum
1236 501 1377 568 occidere.
1424 501 1528 586 Siqui-

281 616 350 682 dem
372 615 405 683 in
427 615 485 683 hoc
507 636 585 683 unus
607 618 708 697 homo,
730 617 763 683 in
785 619 839 686 illo
863 619 999 703 dignitas
1022 617 1218 684 sacerdotalis
1233 619 1401 702 perimitur.
1446 617 1529 685 Nam

280 732 308 798 si
324 732 505 816 spectandae
519 734 715 801 auctoritates
731 737 810 814 sunt
834 737 865 800 ot
879 734 1075 802 consiliorum
1094 735 1378 819 antiquissimorum
1393 734 1530 812 decretis,

276 850 312 918 ot
334 850 509 916 sanctorum
530 851 653 933 patrum
682 851 860 935 praeceptis,
890 853 920 916 st
949 852 1157 918 Romanorum
1186 851 1363 935 pontificum
1395 851 1529 928 statutis,

280 965 477 1032 consensione
499 966 593 1032 etiam
616 970 646 1032 et
669 965 844 1034 testimonio
867 968 1085 1051 imperatorum
1107 969 1137 1034 ct
1157 967 1329 1051 principum
1351 987 1455 1034 eorum
1477 967 1529 1051 qni

280 1084 360 1148 recte
381 1083 412 1148 et
435 1076 539 1150 ordine
553 1083 682 1168 imperia
696 1084 830 1168 gessisse
848 1084 1015 1150 existimati
1039 1087 1118 1164 sunt,
1141 1103 1202 1150 non
1216 1084 1317 1168 magis
1340 1083 1405 1150 vita
1428 1102 1527 1149 sacer·

278 1199 395 1282 dotium,
417 1218 509 1286 quam
525 1200 685 1267 sacerdotii
700 1200 866 1268 auctoritas
888 1201 1009 1268 munita
1025 1218 1143 1284 semper
1163 1201 1230 1268 fnit.
1278 1199 1395 1268 sivero
1418 1219 1530 1285 poenm

280 1315 482 1384 attendendae
505 1319 586 1398 sunt,
608 1336 669 1385 non
686 1317 851 1385 levioribus
873 1318 990 1402 laqueis
1005 1335 1202 1384 censuramm
1224 1317 1410 1396 imetinntnr,
1434 1337 1529 1401 neque

280 1433 426 1500 minues
454 1435 666 1502 communione
688 1423 805 1502 Christi
832 1437 865 1502 et
892 1433 1054 1501 christiani
1083 1434 1216 1501 nominis
1245 1433 1348 1501 reiecti
1378 1435 1449 1501 sunt
1478 1434 1530 1517 qui

281 1549 394 1617 violare
416 1551 530 1618 audent
551 1552 790 1620 ecclesiasticam
812 1552 997 1631 libertatem,
1021 1570 1113 1635 quam
1129 1551 1182 1635 qui
1200 1569 1310 1618 manus
1327 1551 1475 1618 violentas
1497 1551 1529 1616 in

280 1667 454 1752 episcopum
477 1667 615 1746 iniicere3
639 1688 715 1754 quae
732 1671 837 1735 tamen
859 1670 891 1736 te
913 1687 984 1754 rege
1007 1667 1177 1735 iustissimo
1200 1669 1231 1734 et
1245 1667 1399 1753 imprimis
1421 1667 1528 1734 catlro·

279 1785 346 1865 lico,
369 1786 418 1852 sel
440 1785 567 1864 sinente,
590 1786 638 1852 vel
660 1786 783 1852 iubente
805 1785 838 1851 in
861 1785 923 1851 tuis
939 1783 1071 1850 Castelle
1093 1783 1216 1850 statiis
1239 1784 1342 1869 regnis
1365 1784 1529 1852 novissime

280 1901 446 1968 commissa
468 1903 548 1968 sunt
593 1901 715 1968 Allatas
732 1904 804 1968 sunt
826 1901 909 1968 enim
932 1901 970 1968 ad
986 1920 1041 1968 nos
1057 1901 1290 1968 constitutiones
1305 1901 1454 1986 quaedam
1478 1921 1529 1969 sou

280 2017 487 2103 pragmaticae
509 2017 547 2084 de
570 2017 725 2084 beneficiis
754 2017 969 2085 aeclesiasticis
992 2019 1023 2084 et
1045 2017 1242 2102 pensionibus
1270 2036 1359 2101 super
1381 2016 1529 2083 iruodbns

281 2118 495 2201 beneficiomm
524 2133 727 2219 assignandis,
757 2152 886 2218 quanrm
908 2153 1009 2200 rernm
1032 2132 1218 2217 dispensatio
1241 2134 1273 2200 et
1293 2132 1444 2200 ordinatio
1466 2133 1528 2200 Ro·

281 2269 441 2316 manorum
462 2249 643 2334 pontificum
657 2249 779 2333 propria
802 2251 833 2315 et
847 2249 943 2316 libera
959 2269 1078 2334 semper
1100 2249 1166 2328 fuit
1188 2248 1280 2315 huius
1297 2247 1425 2315 Sanctae
1443 2247 1530 2314 Sedis

280 2364 493 2432 anotoffiatem
516 2367 548 2432 et
570 2367 754 2450 potestatem
777 2385 812 2431 sx
836 2365 974 2450 opposito
1002 2365 1228 2449 impugnantes,
1252 2385 1328 2449 qnae
1351 2365 1439 2430 nobis
1461 2383 1528 2430 mo·

280 2481 388 2549 laetias
410 2481 664 2567 admirationique
686 2481 776 2549 lirare.
822 2481 920 2548 Valde
942 2481 1026 2548 enim
1048 2481 1210 2574 dissentire
1233 2482 1316 2548 visas
1345 2482 1417 2548 sunt
1439 2499 1456 2546 a
1479 2499 1528 2546 ro-

280 2597 365 2682 liqaa
386 2599 441 2664 tna
462 2597 534 2678 vita,
558 2600 589 2665 et
610 2599 667 2665 illa
681 2599 776 2682 probs
798 2600 908 2678 mente,
932 2617 1024 2683 quem
1043 2597 1144 2682 vigere
1167 2597 1201 2664 in
1223 2598 1333 2664 teDeo
1357 2599 1388 2664 et
1409 2597 1531 2664 senati

281 2714 413 2780 amicam
427 2715 536 2782 multis
551 2714 730 2782 iamdudum
745 2714 960 2799 experimentis
976 2714 1146 2780 didicimus.
1192 2713 1230 2780 ln
1248 2732 1308 2798 qua
1329 2713 1531 2780 remittimus

280 2829 369 2915 qnod,
391 2830 480 2897 nobis
493 2831 527 2896 in
548 2832 606 2897 hoo
621 2829 734 2898 Sancta
749 2829 824 2898 Sede
848 2830 1032 2908 sedentibus,
1055 2831 1255 2897 tesummam
1277 2849 1350 2914 erga
1372 2849 1428 2896 nos
1442 2829 1530 2896 beni·

282 2947 455 3026 volentiam
486 2966 641 3014 summum
671 2945 807 3014 studium
836 2949 957 3014 nostrae
986 2946 1149 3032 dignitatis
1178 2965 1250 3030 prae
1272 2948 1303 3012 te
1332 2946 1446 3012 terente
1474 2946 1530 3011 hoo
1671 3003 1672 3006 ,

281 3063 396 3130 factum
412 3065 474 3142 est;
498 3063 577 3148 quod
593 3062 632 3129 ad
646 3064 782 3130 nostram
797 3061 1025 3148 infringendam
1040 3063 1224 3147 dignitatem
1237 3062 1405 3147 plurimum
1426 3061 1530 3141 valuit,

281 3198 352 3246 cum
366 3178 545 3264 praesertim
568 3198 624 3248 nos
638 3180 725 3246 tanta
739 3179 890 3246 modestia
911 3180 961 3246 usi
975 3179 1131 3258 fuerimus,
1153 3180 1189 3245 ut
1203 3198 1299 3263 noque
1314 3177 1530 3244 reservationss

280 3296 361 3362 ullas
376 3297 410 3362 in
424 3295 528 3381 regnis
542 3295 613 3362 istis
628 3295 796 3375 fecerimus,
820 3315 915 3380 neque
930 3296 1047 3380 gratias
1063 3295 1265 3380 expectativas
1281 3297 1365 3362 extra
1376 3294 1530 3361 nationem

282 3413 422 3497 cuiqnam
446 3411 633 3488 dederimus,
657 3411 736 3497 quod
759 3412 862 3496 ntique
885 3412 1012 3480 fecimus
1035 3431 1095 3479 non
1119 3411 1157 3477 ad
1187 3411 1421 3478 diminutionem
1443 3413 1529 3495 pote·
1670 3475 1671 3494 ξ

282 3528 373 3595 statis
388 3528 579 3613 apostolicae,
603 3546 662 3613 qna
677 3528 880 3612 dispensante,
896 3527 1113 3613 patrimonium
1129 3527 1253 3605 Christi,
1269 3527 1410 3593 omnibus
1429 3525 1531 3612 dignis

281 3645 399 3731 passim
420 3645 590 3730 expositum
613 3647 669 3724 est,
691 3644 799 3712 sedin
822 3644 1032 3713 testimonium
1055 3644 1274 3729 temperantiae
1297 3646 1426 3710 nostrae.
1472 3641 1531 3709 Sed

282 3762 438 3830 mittimus
453 3781 614 3847 personam
630 3763 782 3838 nostram;
805 3762 871 3829 lere
894 3761 936 3827 sit
957 3761 1036 3845 qnod
1051 3764 1157 3828 contra
1179 3780 1234 3827 nos
1258 3762 1289 3827 st
1310 3761 1456 3827 honorem
1474 3779 1529 3826 no-

282 3880 381 3946 strum
397 3883 500 3946 actum
514 3881 577 3956 est;
601 3876 760 3944 sacerdotii
785 3877 907 3961 quidem
922 3877 1114 3962 dignitatem,
1137 3879 1169 3944 et
1183 3877 1422 3944 ecclesiasticam
1436 3875 1529 3942 liber-

281 3997 377 4064 tatem
401 3994 550 4081 quomodo
573 3995 745 4073 conservat,
774 3993 881 4077 quiin
905 4011 1024 4060 summo
1055 3993 1223 4074 sacerdote,
1255 3993 1287 4060 et
1309 3992 1344 4058 in
1366 3991 1531 4078 apostolica

282 4111 352 4178 sede
367 4112 526 4194 utrmque
548 4111 673 4176 illamm
694 4109 860 4194 infringere
882 4111 1029 4176 conaturi
1053 4107 1117 4190 Quo
1140 4112 1228 4193 pacto
1246 4109 1398 4176 iustitiam
1421 4107 1532 4176 retinet

281 4230 313 4295 ot
335 4227 529 4312 aequitatem,
552 4227 605 4311 qni
625 4227 660 4293 in
681 4226 816 4294 alienum
839 4225 896 4304 ius,
926 4225 1069 4292 dintume
1091 4227 1123 4293 et
1144 4227 1288 4310 perpetua
1315 4223 1530 4292 consuetudine

281 4345 475 4411 observatum
499 4343 542 4410 sio
564 4343 710 4408 violenter
732 4344 763 4409 st
785 4342 851 4426 ipso
867 4341 946 4408 iacto
969 4341 1133 4426 irmmpit‘r
1164 4341 1247 4408 Nam
1269 4359 1345 4426 quae
1360 4341 1399 4405 ab
1421 4339 1529 4406 huius-

283 4459 365 4528 modi
381 4459 632 4526 constitutionum
650 4477 702 4525 seu
716 4457 976 4546 pragmaticamm
991 4458 1072 4526 malo
1083 4458 1198 4528 semino
1212 4459 1314 4526 exorta
1330 4457 1402 4524 sunt
1416 4473 1530 4542 aspera,
