3366 5084
667 319 889 392 ..pp-7

152 515 248 582 latam
262 515 525 600 intelligebamus
542 533 619 582 nora
633 532 762 598 persona
777 514 936 597 assumpta
952 511 1139 577 servavimus
1155 511 1277 596 quidem
1287 529 1405 578 amores

153 632 298 715 pristinos
326 649 402 716 quos
431 631 548 698 11111111
576 631 607 696 11
629 647 759 714 magnae
788 647 904 706 causae,
935 630 1004 693 tuae
1033 627 1194 711 presertim
1216 627 1407 694 admirabilis

156 747 277 813 virtutis
300 748 332 813 et
353 765 426 831 erga
448 765 504 813 nos
527 747 660 831 optimae
675 746 851 822 voluntatis,
874 744 907 810 in
922 744 1009 810 nobis
1025 744 1206 810 excitarunt:
1230 743 1283 809 sed
1305 745 1407 809 vetera

155 863 351 929 1111111111
372 863 494 947 penitus
523 862 720 940 abolevimus,
750 860 905 945 patrisque
928 859 1116 943 suscepimus
1139 876 1300 942 personam
1322 858 1408 924 ouius

156 979 366 1044 benevolentia
380 982 411 1044 et
425 979 560 1044 charitas
575 977 718 1044 omnibns
735 978 817 1042 esset
831 975 1011 1054 communis,
1034 976 1182 1058 quatenus
1198 973 1237 1038 ad
1252 974 1408 1058 publicum

158 1095 270 1160 bonum
293 1093 530 1160 christianitatis
551 1095 618 1158 tota
639 1092 809 1159 referretur.
832 1092 898 1158 Hoc
920 1091 1008 1156 nobis
1025 1090 1152 1156 consilio
1175 1089 1337 1174 preposite,
1351 1107 1409 1173 pa-

157 1229 223 1274 cem
246 1228 365 1292 semper
394 1210 433 1275 ab
456 1208 545 1274 initio
574 1209 747 1293 optavimus
776 1225 940 1291 pacemque
969 1206 1200 1290 imploravimus
1230 1225 1357 1290 eamque
1380 1205 1411 1272 11

157 1343 280 1408 poscere
302 1326 333 1389 et
356 1323 483 1391 suadere
505 1326 537 1390 et
558 1323 676 1407 precari
697 1323 874 1389 destitimus
896 1341 1068 1407 nunquam;
1091 1323 1166 1387 haec
1188 1339 1274 1387 111111
1289 1321 1411 1404 penitus

158 1439 316 1505 horrentes
339 1457 416 1523 ques
438 1459 592 1506 summam
621 1439 841 1506 christianitati
870 1437 1035 1521 perniciem
1058 1437 1215 1504 afferentia
1236 1456 1292 1502 nee
1314 1437 1410 1521 perti-

160 1555 265 1621 naciae
286 1573 343 1621 nec
371 1555 623 1622 detrimentorum
645 1555 739 1622 finem
768 1554 868 1620 ullum
898 1554 1096 1620 constituunt.
1140 1553 1186 1619 Ao
1208 1572 1263 1619 nos
1285 1553 1413 1636 'quidem

159 1671 193 1737 in
215 1670 314 1737 officio
337 1671 409 1737 boni
430 1671 561 1755 pastoris
583 1671 775 1755 perstitimus
798 1671 979 1748 constanter,
1002 1689 1098 1755 nsque
1113 1670 1152 1735 ab
1167 1689 1202 1736 eo
1225 1670 1289 1736 nlla
1311 1689 1412 1736 rerum

163 1789 216 1854 ant
238 1789 412 1871 temporum
442 1787 613 1853 conditione
637 1807 743 1852 snmus
765 1785 938 1866 discessuri,
966 1788 1086 1870 praeter
1108 1787 1245 1852 debitum
1275 1787 1414 1852 nostrum

162 1903 257 1970 etiam
281 1901 370 1968 Sedis
393 1904 576 1988 apostolieae
590 1903 763 1969 incredibili
784 1903 887 1986 inopia
902 1901 1121 1986 debilitatoque
1140 1904 1244 1970 coacti.
1268 1902 1327 1969 Sed
1346 1923 1416 1968 oum

163 2019 323 2087 consilinm
347 2018 428 2102 quod
455 2037 511 2084 nos
540 2019 743 2103 probabamus
772 2021 805 2085 11
826 2019 1031 2085 necessarium
1060 2039 1126 2086 esse
1156 2019 1365 2086 iudicabamus
1389 2020 1417 2085 si

164 2137 249 2202 solva
272 2135 395 2201 deberet
416 2155 483 2200 esso
506 2135 724 2216 christianitas,
754 2136 789 2200 ut
810 2135 894 2218 pacis
917 2135 994 2200 ratio
1018 2135 1121 2219 aliqua
1141 2135 1278 2214 iniretur,
1308 2134 1416 2201 ceteris

166 2269 402 2335 proponeremus
425 2251 464 2316 iis
487 2252 541 2334 qui
569 2270 649 2316 nune
671 2251 705 2315 in
727 2251 819 2316 Italia
842 2250 958 2316 bellum
980 2253 1099 2333 gerunt,
1128 2253 1233 2316 nostra
1261 2269 1415 2334 nunquam

165 2386 220 2432 vor
243 2366 458 2432 anctoritatem
486 2385 578 2451 quam
608 2366 713 2432 debuit
734 2367 835 2451 potuit
863 2367 1015 2440 obtinere;
1038 2385 1110 2431 nam
1134 2366 1187 2451 qui
1208 2366 1324 2432 viribus
1355 2366 1418 2431 suis

166 2481 358 2547 confidebant
386 2481 548 2546 consilium
576 2481 660 2565 pacis
690 2481 752 2546 nisi
781 2482 872 2546 certis
901 2481 1091 2564 pactionibus
1121 2481 1248 2547 adiectis
1272 2501 1417 2565 asperna-

167 2599 293 2664 bantur:
316 2598 348 2662 et
362 2596 415 2681 qui
429 2595 523 2662 armis
547 2598 578 2662 et
593 2597 701 2679 opibus
718 2597 819 2662 minus
835 2599 976 2680 poterant
990 2596 1191 2679 pertinaciam
1214 2616 1267 2680 pro
1284 2598 1420 2680 potentie
1512 2678 1515 2684 ,

168 2713 385 2798 amplectentes
408 2711 446 2777 ad
469 2711 656 2790 conditiones
679 2713 759 2777 ullas
782 2712 921 2778 accedere
944 2713 1134 2791 recusabant,
1164 2713 1198 2778 in
1221 2731 1280 2797 qua
1298 2712 1418 2796 quidem

170 2848 202 2894 11
225 2828 252 2896 si
274 2828 389 2894 nostris
411 2827 538 2893 monitis
554 2828 665 2893 luisset
687 2829 929 2911 obtemperatum
952 2828 1089 2893 omnium
1113 2848 1160 2894 111
1177 2828 1287 2894 tutiore
1309 2829 1343 2893 in
1358 2829 1422 2893 loeo

172 2963 263 3028 quam
285 2962 366 3008 nuno
390 2945 462 3009 sunt
484 2941 615 3008 fuissent
637 2943 815 3010 collocutae:
847 2943 899 3009 sed
922 2944 1070 3027 pendente
1094 2943 1146 3008 diu
1174 2947 1207 3008 et
1235 2944 1326 3010 dubio
1348 2944 1425 3009 belli

173 3061 290 3137 euentu
312 3075 383 3124 eum
405 3077 457 3123 rer
479 3059 663 3125 Francorum
686 3060 817 3125 exercitu
839 3059 1009 3143 prepollens
1033 3061 1151 3143 purtem
1174 3060 1328 3143 copiarum
1351 3078 1423 3125 sne-

174 3195 242 3241 rum
264 3174 305 3240 ad
327 3176 415 3240 tuum
436 3193 566 3258 regnum
581 3173 818 3259 Neapolitanum
840 3175 963 3241 mittere
977 3174 1168 3253 decrevisset,
1190 3193 1252 3240 non
1274 3177 1338 3240 tam
1361 3173 1426 3240 sius

175 3289 342 3375 occupandi
362 3290 398 3354 ut
420 3288 575 3373 allegabat
604 3309 696 3355 causa
718 3307 811 3375 quam
833 3291 902 3355 tnos
931 3289 1094 3356 inducendi
1116 3291 1151 3356 ut
1181 3290 1242 3356 sibi
1263 3288 1429 3355 Mediolani

176 3405 320 3472 duratium
343 3404 491 3484 cederent,
513 3423 569 3470 nos
592 3407 665 3471 tunc
687 3423 790 3489 regem
814 3405 916 3488 ipsum
938 3405 1046 3471 multis
1070 3405 1175 3470 ababa
1197 3405 1366 3470 rationibus
1390 3406 1428 3470 ab

178 3540 213 3587 aa
235 3520 453 3587 deliberatione
467 3520 656 3600 deduximus,
671 3521 849 3604 pollicentes
872 3520 966 3587 etiam
989 3539 1044 3586 nos
1060 3523 1230 3588 1111111111
1250 3521 1277 3586 11
1292 3521 1432 3605 componi

179 3637 280 3721 aliquo
303 3636 392 3702 modo
414 3657 463 3702 ros
478 3635 714 3703 Mediolanensie
737 3637 853 3720 posset;
877 3636 1073 3720 quodetiam
1096 3636 1211 3702 1111111111
1226 3637 1356 3720 asperth
1379 3635 1432 3702 sed

181 3770 251 3818 cum
272 3751 368 3818 nimis
390 3751 465 3817 duro
480 3753 516 3817 ut
537 3751 644 3818 multis
660 3752 820 3819 videbatur
841 3754 873 3818 11
887 3752 1041 3817 obstinato
1063 3751 1166 3818 animo
1189 3751 1236 3818 tui
1249 3753 1434 3830 resisterent,

182 3866 264 3934 idem
286 3886 347 3945 rer,
377 3867 441 3933 sive
463 3887 499 3934 ea
521 3888 553 3934 re
576 3867 717 3934 incensus
747 3868 812 3934 siue
840 3867 1055 3951 impotentiam
1084 3869 1221 3933 nostrum
1250 3867 1436 3952 intelligens,

184 3983 322 4050 animum
344 4001 414 4049 vero
437 3984 475 4049 ab
498 3983 594 4050 armis
616 3984 739 4050 omnino
768 3986 921 4049 remotum
944 4002 1137 4067 cognoscens,
1159 3983 1266 4049 ducem
1289 3983 1438 4049 Albaniue

185 4117 254 4166 curn
276 4117 403 4166 numero
425 4087 563 4183 peditum
585 4099 781 4184 equitumque
803 4099 923 4164 dimisit
944 4099 983 4164 ad
1002 4101 1089 4165 tunm
1113 4117 1243 4183 regnum
1257 4097 1438 4182 Neapolita-

186 4233 260 4280 num
289 4214 486 4281 111111111111
515 4215 569 4300 qui
597 4235 677 4281 nunc
705 4216 764 4281 iter
793 4215 907 4280 iaciens
937 4234 1008 4281 cum
1037 4234 1091 4298 per
1119 4216 1239 4280 nostros
1262 4217 1294 4280 11
1317 4217 1438 4281 sunctae

188 4347 328 4396 romanae
350 4330 502 4396 ecclesiae
533 4332 632 4396 status
662 4332 806 4410 trauseat,
829 4330 917 4397 nobis
946 4330 1107 4414 imparatis
1136 4331 1169 4395 et
1197 4329 1281 4396 nullo
1311 4329 1441 4395 exercitu

190 4445 315 4524 nnnitis,
338 4443 445 4510 attulit
467 4446 555 4512 nobis
578 4465 684 4513 curam
706 4448 738 4513 et
759 4445 973 4512 necessitatem
996 4445 1151 4530 cogitandi
1174 4447 1208 4512 ut
1230 4445 1332 4530 aliquo
1355 4443 1444 4510 modo

245 4570 347 4617 :pasalan
360 4572 468 4608 (1111111111
482 4571 530 4613 m,
1263 4555 1286 4620 4
