3366 5084
760 329 982 393 ,33)-

243 525 301 590 lilii
326 509 422 590 nostri
445 520 546 588 Caroli
572 523 779 588 Romanorum
801 523 833 586 et
857 521 1075 604 Hispaniarum
1098 520 1180 607 regis
1208 521 1351 588 catholici
1371 521 1405 589 in
1432 520 1496 588 im·

244 642 414 724 porutorem
444 639 534 704 alecti
563 637 643 721 apud
672 656 728 703 nos
758 638 947 721 viceagerens
975 638 1006 702 et
1035 639 1148 718 orator,
1180 639 1260 722 quod
1296 659 1366 704 cum
1396 639 1432 706 fe.
1455 660 1495 705 re.

244 757 305 822 Ieo
334 777 383 840 pp.
409 756 446 820 X.
477 753 688 839 praedecessor
716 754 835 831 noster,
868 753 1009 818 omnibus
1046 753 1296 820 christifidelibus
1327 755 1360 820 in
1392 756 1496 839 regnis

244 872 390 938 dominiis
411 873 443 936 et
457 871 568 935 insulis
591 869 672 934 dicto
688 867 794 934 Carolo
817 869 882 952 regi
905 869 1049 934 subiectis
1064 869 1264 935 existentibus
1280 872 1311 936 et
1326 870 1365 935 ad
1386 869 1495 934 huius-

244 987 329 1053 modi
350 1005 444 1070 regna
473 988 504 1051 et
527 986 643 1050 insulas
673 984 903 1062 confluentibus,
933 985 985 1066 qui
1014 985 1128 1049 certam
1151 987 1224 1050 tuno
1246 1005 1418 1069 expressam
1440 1006 1495 1068 pe·

245 1104 404 1169 ourrriarum
427 1101 639 1186 quantitatem,
669 1101 735 1164 tam
757 1118 811 1183 pro
835 1099 1030 1164 sanctissima
1060 1100 1204 1165 adversus
1227 1101 1389 1166 acamimos
1412 1101 1495 1165 chri-

246 1219 363 1284 stianae
394 1217 466 1282 fidei
496 1217 601 1282 hostes
632 1215 820 1298 expeditione
852 1233 945 1298 quam
976 1231 1030 1298 pro
1062 1217 1214 1281 struuntura
1246 1219 1277 1282 et
1308 1216 1496 1299 reparatione

245 1335 390 1399 basilicae
420 1333 595 1398 sanctorum
626 1332 832 1414 apostolomm
861 1331 946 1395 Petri
975 1332 1006 1396 at
1035 1331 1124 1395 Pauli
1156 1330 1192 1396 de
1226 1333 1308 1410 urba
1338 1333 1498 1415 erogarent

246 1449 284 1514 fe.
301 1469 340 1514 re.
364 1448 443 1512 ι13111
465 1467 514 1531 pp.
538 1447 577 1512 Π,
602 1445 695 1511 etiam
719 1445 958 1528 praedecessoris
981 1446 1079 1511 nostri
1102 1447 1233 1529 vestigia
1255 1447 1405 1512 imitando
1427 1447 1495 1530 ple-

248 1563 408 1629 nissimam
424 1562 561 1627 omnium
578 1563 769 1644 peccatorum
785 1579 908 1626 suorum
931 1560 1155 1644 indulgentiam
1179 1579 1213 1625 ac
1229 1561 1306 1626 31133
1323 1563 1497 1644 spirituales

246 1679 362 1764 gratias
386 1679 417 1744 et
438 1677 600 1742 facultates
630 1677 826 1742 concesserit:
856 1679 888 1741 et
910 1676 1017 1742 deinde
1040 1677 1120 1741 dioto
1143 1677 1242 1742 Leone
1271 1678 1498 1760 praedecessore

246 1794 310 1860 vita
338 1794 441 1858 binoto
470 1794 501 1857 ct
523 1793 560 1858 fe.
577 1811 617 1856 re.
640 1790 774 1857 Adriano
797 1811 845 1875 pp.
869 1792 922 1857 Vl.
946 1793 1039 1857 etiam
1069 1791 1296 1873 praedecessore
1326 1794 1429 1859 nostro
1459 1792 1497 1856 ad

247 1910 436 1994 apostolatus
460 1909 577 1990 apicem
608 1909 766 1989 assumpto
796 1906 918 1971 easdem
945 1906 1153 1990 indulgentias
1180 1909 1211 1972 et
1233 1891 1425 1991 peccatomm
1447 1927 1497 1971 rs-

248 2025 416 2100 missiones,
438 2025 629 2104 coeterasque
645 2021 805 2086 facultates
828 2023 861 2085 in
876 2009 967 2086 dictis
982 2021 1095 2086 litteris
1111 2024 1270 2088 contentas
1285 2021 1499 2088 revalidaverit

248 2123 437 2206 irrnovavarit
459 2141 490 2203 et
512 2138 609 2203 denuo
625 2137 815 2214 concesserit,
838 2138 928 2220 prout
943 2137 975 2202 in
999 2137 1092 2202 variis
1107 2137 1220 2203 litteris
1243 2138 1393 2203 dictorum
1408 2157 1498 2221 prae·

247 2255 447 2332 rleoessorum,
470 2254 536 2317 tam
559 2253 615 2316 sub
631 2253 765 2334 plumbo,
789 2270 881 2334 quam
896 2252 928 2316 in
944 2252 1042 2316 forma
1064 2254 1166 2318 brevis
1182 2255 1345 2336 expeditas,
1369 2273 1497 2338 quarum

245 2374 364 2438 tenores
386 2367 598 2453 praesentibus
621 2367 732 2432 habere
755 2367 895 2446 volumus
917 2385 971 2450 pro
994 2369 1153 2450 expressis,
1176 2369 1296 2451 plenius
1319 2367 1498 2434 continetur.

246 2487 381 2570 tumque
410 2483 509 2549 dictus
532 2481 686 2548 Adrianus
715 2481 925 2565 praedecessor
954 2483 992 2547 ab
1015 2481 1159 2547 humanis
1189 2486 1354 2566 exemptus,
1385 2502 1499 2567 nosque

245 2601 285 2666 ad
306 2601 444 2684 regimen
466 2597 648 2664 universalis
671 2595 815 2662 eeclesiae
838 2615 873 2661 er
896 2596 954 2661 Dei
977 2597 1113 2662 bonitate
1137 2598 1289 2681 assumpti
1311 2617 1448 2664 essemus
1463 2600 1497 2663 in

245 2716 414 2783 crastinum
437 2713 517 2778 11333
534 2712 753 2795 assumptionis
769 2701 890 2778 nostiae
905 2729 1099 2796 quascunque
1120 2714 1274 2796 plenariae
1289 2713 1498 2796 indulgentias

246 2849 323 2915 quae
346 2829 511 2895 abeodem
534 2827 761 2911 praedecessore
784 2829 1001 2894 emanaverunt
1023 2846 1058 2892 ex
1085 2828 1193 2911 quavis
1216 2847 1308 2893 causa
1331 2847 1497 2907 concessas,
1602 2831 1605 2838 '

247 2965 283 3012 ac
305 2947 383 3010 alias
406 2944 442 3010 de
476 2943 614 3028 eligendo
644 2943 813 3008 confessore
843 2942 1004 3006 facultates
1034 2942 1072 3006 ad
1101 2945 1241 3008 nostrum
1263 2945 1294 3008 et
1316 2943 1498 3026 apostolicae

248 3059 335 3128 Sedis
358 3060 582 3143 beneplacitum
596 3057 695 3141 quoad
717 3058 807 3122 3313
830 3057 939 3140 quibus
961 3057 1171 3141 indulgentiae
1193 3060 1225 3123 et
1238 3059 1399 3124 1333113133
1414 3060 1499 3141 ipsae

247 3178 280 3243 in
303 3177 405 3261 aliqua
428 3175 477 3239 331
498 3175 584 3258 parte
612 3175 700 3237 erant
730 3172 855 3237 sortitae
887 3171 1027 3237 effectum
1058 3173 1281 3256 suspendimus,
1312 3193 1347 3238 ao
1375 3175 1498 3240 irritmn

247 3295 280 3357 31
300 3293 391 3357 13333
413 3289 556 3374 quicquid
571 3289 752 3353 facultatum
774 3289 983 3353 revocatorum
998 3307 1103 3353 aarum
1125 3289 1263 3371 pretextu
1285 3289 1319 3354 in
1341 3292 1497 3372 posterum

248 3407 437 3490 contingeret
452 3403 630 3488 attemptari
645 3403 880 3478 decreverimus;
897 3404 1087 3468 tamencum
1109 3405 1147 3468 ob
1171 3403 1289 3468 viarum
1312 3403 1498 3484 discrimina,

246 3521 425 3605 itinerisque
448 3520 628 3585 distantiam
651 3518 690 3583 ad
719 3520 821 3602 partes
852 3517 884 3582 in
907 3517 1017 3600 quibus
1040 3517 1216 3583 huiusmodi
1237 3519 1445 3603 indulgentiae
1468 3521 1500 3584 ot

248 3637 409 3700 facultates
433 3635 674 3718 publicabantur,
705 3632 913 3717 suspensionis
936 3634 967 3698 et
989 3632 1190 3697 revocationis
1220 3634 1370 3699 dictarum
1393 3634 1498 3699 indul·

249 3751 423 3836 gentiamm
446 3749 557 3814 notitia
579 3747 734 3832 pervenire
756 3767 817 3813 non
847 3747 1004 3830 potuisset,
1028 3747 1240 3827 commissarii,
1270 3749 1445 3816 collectores
1468 3750 1501 3814 et

249 3865 481 3931 subcollootores
504 3883 539 3928 ac
561 3865 734 3946 quaestores
764 3883 783 3928 a
806 3863 875 3928 sede
904 3863 1071 3947 apostolica
1099 3863 1237 3947 deputati
1266 3864 1364 3930 113133
1392 3865 1498 3930 indul-

249 3981 370 4065 gentias
393 3979 555 4062 publicare,
585 3998 620 4042 ao
642 3979 722 4044 inter
751 3977 963 4043 christifideles
986 3977 1181 4058 distribuere,
1212 3981 1243 4044 ot
1265 3981 1420 4063 questores
1443 3999 1499 4063 pe·

249 4095 372 4162 cunam
394 4097 431 4161 ob
454 4095 541 4160 illam
563 4093 787 4159 concessionem
802 4092 993 4177 assignatam
1015 4095 1134 4179 exigere
1155 4113 1217 4160 non
1239 4097 1404 4176 cossanmt,
1427 4115 1499 4161 sen·

249 4211 378 4288 1331133,
411 4228 553 4274 censuras
591 4212 623 4274 ot
652 4227 746 4292 penas
778 4209 999 4275 ecclesiasticas
1032 4210 1135 4276 forsan
1170 4210 1362 4277 incurrendo:
1408 4230 1500 4294 quare

250 4324 434 4410 supplicavit
455 4322 542 4390 nobis
565 4324 646 4390 idem
668 4322 840 4390 Ludovicus
862 4323 930 4403 dux,
953 4327 989 4388 31
1011 4323 1044 4390 13
1066 4325 1243 4408 praemissis
1267 4327 1412 4409 oportuno
1428 4345 1499 4408 pro-

249 4443 351 4510 videre
373 4441 412 4506 de
432 4439 622 4525 benignitate
645 4438 812 4523 apostolica
840 4435 1051 4523 dignaremur;
1081 4458 1137 4505 nos
1159 4440 1256 4524 igituir
1284 4440 1341 4526 qui
1358 4441 1506 4524 periculis
