<?xml version="1.0" encoding="UTF-8"?>
<!DOCTYPE html PUBLIC "-//W3C//DTD XHTML 1.0 Transitional//EN"
    "http://www.w3.org/TR/xhtml1/DTD/xhtml1-transitional.dtd">
<html xmlns="http://www.w3.org/1999/xhtml" xml:lang="en" lang="en">
 <head>
  <title>
</title>
<meta http-equiv="Content-Type" content="text/html;charset=utf-8" />
  <meta name='ocr-system' content='tesseract 3.04.00' />
  <meta name='ocr-capabilities' content='ocr_page ocr_carea ocr_par ocr_line ocrx_word'/>
</head>
<body>
  <div class='ocr_page' id='page_1' title='image "./monumentasaecul00clemgoog_0049.png"; bbox 0 0 3366 5084; ppageno 0'>
   <div class='ocr_carea' id='block_1_1' title="bbox 768 282 991 348">
    <p class='ocr_par' dir='ltr' id='par_1_1' title="bbox 768 282 991 348">
     <span class='ocr_line' id='line_1_1' title="bbox 768 282 991 348; baseline 0 -20"><span class='ocrx_word' id='word_1_1' title='bbox 768 282 991 348; x_wconf 76' lang='lat'><strong>..32-</strong></span> 
     </span>
    </p>
   </div>
   <div class='ocr_carea' id='block_1_2' title="bbox 251 474 1505 795">
    <p class='ocr_par' dir='ltr' id='par_1_2' title="bbox 251 474 1505 795">
     <span class='ocr_line' id='line_1_2' title="bbox 251 474 1503 563; baseline -0.003 -14"><span class='ocrx_word' id='word_1_2' title='bbox 251 483 316 549; x_wconf 85' lang='lat' dir='ltr'><strong>Doo</strong></span> <span class='ocrx_word' id='word_1_3' title='bbox 337 477 453 563; x_wconf 76' lang='lat' dir='ltr'>placuit</span> <span class='ocrx_word' id='word_1_4' title='bbox 475 495 491 542; x_wconf 89' lang='lat' dir='ltr'><strong>o</strong></span> <span class='ocrx_word' id='word_1_5' title='bbox 514 475 579 541; x_wconf 83' lang='lat' dir='ltr'><strong>vita</strong></span> <span class='ocrx_word' id='word_1_6' title='bbox 600 475 781 542; x_wconf 81' lang='lat' dir='ltr'><strong>dosassissa:</strong></span> <span class='ocrx_word' id='word_1_7' title='bbox 803 476 929 542; x_wconf 87' lang='lat' dir='ltr'><strong>vaoanto</strong></span> <span class='ocrx_word' id='word_1_8' title='bbox 952 475 1035 540; x_wconf 87' lang='lat' dir='ltr'><strong>onim</strong></span> <span class='ocrx_word' id='word_1_9' title='bbox 1057 474 1138 542; x_wconf 87' lang='lat' dir='ltr'><strong>dioto</strong></span> <span class='ocrx_word' id='word_1_10' title='bbox 1160 476 1304 559; x_wconf 81' lang='lat' dir='ltr'><strong>prioratu</strong></span> <span class='ocrx_word' id='word_1_11' title='bbox 1335 478 1443 544; x_wconf 88' lang='lat' dir='ltr'><strong>multis</strong></span> <span class='ocrx_word' id='word_1_12' title='bbox 1465 477 1503 545; x_wconf 87' lang='lat' dir='ltr'><strong>ds</strong></span> 
     </span>
     <span class='ocr_line' id='line_1_3' title="bbox 252 591 1505 680; baseline -0.003 -16"><span class='ocrx_word' id='word_1_13' title='bbox 252 598 353 664; x_wconf 91' lang='lat' dir='ltr'><strong>oausis</strong></span> <span class='ocrx_word' id='word_1_14' title='bbox 381 598 418 661; x_wconf 90' lang='lat' dir='ltr'><strong>nt</strong></span> <span class='ocrx_word' id='word_1_15' title='bbox 445 591 658 680; x_wconf 79' lang='lat' dir='ltr'><strong>gratissimam</strong></span> <span class='ocrx_word' id='word_1_16' title='bbox 687 591 776 658; x_wconf 90' lang='lat' dir='ltr'><strong>nobis</strong></span> <span class='ocrx_word' id='word_1_17' title='bbox 805 610 966 676; x_wconf 79' lang='lat' dir='ltr'><strong>personam</strong></span> <span class='ocrx_word' id='word_1_18' title='bbox 995 593 1026 656; x_wconf 86' lang='lat' dir='ltr'><strong>ot</strong></span> <span class='ocrx_word' id='word_1_19' title='bbox 1056 593 1124 657; x_wconf 92' lang='lat' dir='ltr'><strong>tum</strong></span> <span class='ocrx_word' id='word_1_20' title='bbox 1154 593 1218 658; x_wconf 89' lang='lat' dir='ltr'><strong>suis</strong></span> <span class='ocrx_word' id='word_1_21' title='bbox 1241 593 1407 659; x_wconf 88' lang='lat' dir='ltr'><strong>virtutibus</strong></span> <span class='ocrx_word' id='word_1_22' title='bbox 1436 595 1505 660; x_wconf 90' lang='lat' dir='ltr'><strong>turn</strong></span> 
     </span>
     <span class='ocr_line' id='line_1_4' title="bbox 251 707 1503 795; baseline -0.003 -16"><span class='ocrx_word' id='word_1_23' title='bbox 251 714 388 780; x_wconf 86' lang='lat' dir='ltr'><strong>familias</strong></span> <span class='ocrx_word' id='word_1_24' title='bbox 410 711 561 795; x_wconf 84' lang='lat' dir='ltr'><strong>dignitato</strong></span> <span class='ocrx_word' id='word_1_25' title='bbox 584 708 811 774; x_wconf 81' lang='lat' dir='ltr'><strong>nobilissimam</strong></span> <span class='ocrx_word' id='word_1_26' title='bbox 840 707 900 773; x_wconf 92' lang='lat' dir='ltr'><strong>tibi</strong></span> <span class='ocrx_word' id='word_1_27' title='bbox 928 707 1210 775; x_wconf 80' lang='lat' dir='ltr'><strong>commendaremus</strong></span> <span class='ocrx_word' id='word_1_28' title='bbox 1240 728 1346 775; x_wconf 89' lang='lat' dir='ltr'><strong>sumus</strong></span> <span class='ocrx_word' id='word_1_29' title='bbox 1371 708 1503 789; x_wconf 79' lang='lat' dir='ltr'><strong>adducti.</strong></span> 
     </span>
    </p>
   </div>
   <div class='ocr_carea' id='block_1_3' title="bbox 248 822 1505 4471">
    <p class='ocr_par' dir='ltr' id='par_1_3' title="bbox 248 822 1505 4471">
     <span class='ocr_line' id='line_1_5' title="bbox 251 822 1505 915; baseline -0.002 -20"><span class='ocrx_word' id='word_1_30' title='bbox 251 849 328 915; x_wconf 87' lang='lat' dir='ltr'><strong>quaa</strong></span> <span class='ocrx_word' id='word_1_31' title='bbox 350 830 406 895; x_wconf 88' lang='lat' dir='ltr'><strong>abs</strong></span> <span class='ocrx_word' id='word_1_32' title='bbox 427 830 458 893; x_wconf 90' lang='lat' dir='ltr'><strong>to</strong></span> <span class='ocrx_word' id='word_1_33' title='bbox 480 826 529 892; x_wconf 93' lang='lat' dir='ltr'><strong>illi</strong></span> <span class='ocrx_word' id='word_1_34' title='bbox 557 825 705 909; x_wconf 89' lang='lat' dir='ltr'><strong>prioratui</strong></span> <span class='ocrx_word' id='word_1_35' title='bbox 726 825 759 890; x_wconf 86' lang='lat' dir='ltr'><strong>ot</strong></span> <span class='ocrx_word' id='word_1_36' title='bbox 779 826 845 890; x_wconf 91' lang='lat' dir='ltr'><strong>looo</strong></span> <span class='ocrx_word' id='word_1_37' title='bbox 873 823 1092 907; x_wconf 85' lang='lat' dir='ltr'><strong>praafiooratur.</strong></span> <span class='ocrx_word' id='word_1_38' title='bbox 1144 822 1216 890; x_wconf 87' lang='lat' dir='ltr'><strong>Non</strong></span> <span class='ocrx_word' id='word_1_39' title='bbox 1237 826 1321 892; x_wconf 87' lang='lat' dir='ltr'><strong>onim</strong></span> <span class='ocrx_word' id='word_1_40' title='bbox 1350 823 1505 892; x_wconf 79' lang='lat' dir='ltr'><strong>dovotioni</strong></span> 
     </span>
     <span class='ocr_line' id='line_1_6' title="bbox 250 938 1503 1030; baseline -0.003 -19"><span class='ocrx_word' id='word_1_41' title='bbox 250 949 320 1011; x_wconf 88' lang='lat' dir='ltr'><strong>tuaa</strong></span> <span class='ocrx_word' id='word_1_42' title='bbox 349 945 490 1030; x_wconf 84' lang='lat' dir='ltr'><strong>ignotum</strong></span> <span class='ocrx_word' id='word_1_43' title='bbox 519 941 705 1006; x_wconf 80' lang='lat' dir='ltr'><strong>arbitramur</strong></span> <span class='ocrx_word' id='word_1_44' title='bbox 726 941 757 1006; x_wconf 89' lang='lat' dir='ltr'><strong>at</strong></span> <span class='ocrx_word' id='word_1_45' title='bbox 779 958 855 1025; x_wconf 85' lang='lat' dir='ltr'><strong>quaa</strong></span> <span class='ocrx_word' id='word_1_46' title='bbox 879 939 921 1004; x_wconf 92' lang='lat' dir='ltr'><strong>sit</strong></span> <span class='ocrx_word' id='word_1_47' title='bbox 943 938 1051 1004; x_wconf 82' lang='lat' dir='ltr'><strong>(lomus</strong></span> <span class='ocrx_word' id='word_1_48' title='bbox 1081 940 1112 1004; x_wconf 88' lang='lat' dir='ltr'><strong>at</strong></span> <span class='ocrx_word' id='word_1_49' title='bbox 1134 939 1270 1006; x_wconf 83' lang='lat' dir='ltr'><strong>familias</strong></span> <span class='ocrx_word' id='word_1_50' title='bbox 1294 941 1331 1006; x_wconf 83' lang='lat' dir='ltr'><strong>do</strong></span> <span class='ocrx_word' id='word_1_51' title='bbox 1354 939 1503 1008; x_wconf 77' lang='lat' dir='ltr'><strong>Columna</strong></span> 
     </span>
     <span class='ocr_line' id='line_1_7' title="bbox 252 1054 1501 1142; baseline -0.003 -15"><span class='ocrx_word' id='word_1_52' title='bbox 252 1061 396 1127; x_wconf 78' lang='lat' dir='ltr'><strong>nobilitas</strong></span> <span class='ocrx_word' id='word_1_53' title='bbox 419 1061 450 1124; x_wconf 88' lang='lat' dir='ltr'><strong>ot</strong></span> <span class='ocrx_word' id='word_1_54' title='bbox 478 1059 592 1142; x_wconf 88' lang='lat' dir='ltr'><strong>quanta</strong></span> <span class='ocrx_word' id='word_1_55' title='bbox 621 1055 761 1121; x_wconf 90' lang='lat' dir='ltr'><strong>inomni</strong></span> <span class='ocrx_word' id='word_1_56' title='bbox 790 1073 900 1138; x_wconf 84' lang='lat' dir='ltr'><strong>gonaro</strong></span> <span class='ocrx_word' id='word_1_57' title='bbox 927 1054 1054 1120; x_wconf 87' lang='lat' dir='ltr'><strong>laudum</strong></span> <span class='ocrx_word' id='word_1_58' title='bbox 1083 1073 1118 1119; x_wconf 84' lang='lat' dir='ltr'><strong>aa</strong></span> <span class='ocrx_word' id='word_1_59' title='bbox 1148 1055 1297 1122; x_wconf 82' lang='lat' dir='ltr'><strong>virtutum</strong></span> <span class='ocrx_word' id='word_1_60' title='bbox 1326 1059 1501 1138; x_wconf 77' lang='lat' dir='ltr'><strong>auotoritas,</strong></span> 
     </span>
     <span class='ocr_line' id='line_1_8' title="bbox 253 1167 1502 1261; baseline -0.002 -19"><span class='ocrx_word' id='word_1_61' title='bbox 253 1197 347 1261; x_wconf 89' lang='lat' dir='ltr'><strong>quarn</strong></span> <span class='ocrx_word' id='word_1_62' title='bbox 363 1175 491 1240; x_wconf 88' lang='lat' dir='ltr'><strong>dilootus</strong></span> <span class='ocrx_word' id='word_1_63' title='bbox 513 1171 597 1238; x_wconf 89' lang='lat' dir='ltr'><strong>filius</strong></span> <span class='ocrx_word' id='word_1_64' title='bbox 613 1172 715 1237; x_wconf 89' lang='lat' dir='ltr'><strong>nostor</strong></span> <span class='ocrx_word' id='word_1_65' title='bbox 730 1170 894 1254; x_wconf 90' lang='lat' dir='ltr'><strong>Pompoius</strong></span> <span class='ocrx_word' id='word_1_66' title='bbox 909 1169 939 1235; x_wconf 86' lang='lat' dir='ltr'><strong>J.</strong></span> <span class='ocrx_word' id='word_1_67' title='bbox 955 1170 1118 1236; x_wconf 84' lang='lat' dir='ltr'><strong>cardinalis</strong></span> <span class='ocrx_word' id='word_1_68' title='bbox 1134 1167 1282 1237; x_wconf 83' lang='lat' dir='ltr'><strong>Columna</strong></span> <span class='ocrx_word' id='word_1_69' title='bbox 1305 1173 1369 1238; x_wconf 89' lang='lat' dir='ltr'><strong>suis</strong></span> <span class='ocrx_word' id='word_1_70' title='bbox 1385 1192 1502 1258; x_wconf 86' lang='lat' dir='ltr'><strong>quoquo</strong></span> 
     </span>
     <span class='ocr_line' id='line_1_9' title="bbox 250 1285 1503 1373; baseline -0.004 -14"><span class='ocrx_word' id='word_1_71' title='bbox 250 1291 370 1360; x_wconf 88' lang='lat' dir='ltr'><strong>moritis</strong></span> <span class='ocrx_word' id='word_1_72' title='bbox 400 1289 511 1356; x_wconf 82' lang='lat' dir='ltr'><strong>clarius</strong></span> <span class='ocrx_word' id='word_1_73' title='bbox 532 1287 678 1367; x_wconf 78' lang='lat' dir='ltr'><strong>illustrat,</strong></span> <span class='ocrx_word' id='word_1_74' title='bbox 707 1287 758 1352; x_wconf 88' lang='lat' dir='ltr'><strong>oui</strong></span> <span class='ocrx_word' id='word_1_75' title='bbox 786 1304 842 1351; x_wconf 93' lang='lat' dir='ltr'><strong>nos</strong></span> <span class='ocrx_word' id='word_1_76' title='bbox 864 1285 983 1352; x_wconf 92' lang='lat' dir='ltr'><strong>homini</strong></span> <span class='ocrx_word' id='word_1_77' title='bbox 1011 1285 1153 1352; x_wconf 91' lang='lat' dir='ltr'><strong>omnibus</strong></span> <span class='ocrx_word' id='word_1_78' title='bbox 1183 1289 1370 1354; x_wconf 86' lang='lat' dir='ltr'><strong>omamantis</strong></span> <span class='ocrx_word' id='word_1_79' title='bbox 1400 1288 1503 1373; x_wconf 84' lang='lat' dir='ltr'><strong>dignis</strong></span> 
     </span>
     <span class='ocr_line' id='line_1_10' title="bbox 250 1386 1500 1488; baseline -0.003 -14"><span class='ocrx_word' id='word_1_80' title='bbox 250 1409 305 1474; x_wconf 93' lang='lat' dir='ltr'><strong>illo</strong></span> <span class='ocrx_word' id='word_1_81' title='bbox 327 1409 391 1472; x_wconf 92' lang='lat' dir='ltr'><strong>looo</strong></span> <span class='ocrx_word' id='word_1_82' title='bbox 414 1408 446 1471; x_wconf 88' lang='lat' dir='ltr'><strong>ot</strong></span> <span class='ocrx_word' id='word_1_83' title='bbox 475 1406 590 1469; x_wconf 92' lang='lat' dir='ltr'><strong>honoro</strong></span> <span class='ocrx_word' id='word_1_84' title='bbox 619 1402 821 1486; x_wconf 83' lang='lat' dir='ltr'><strong>amplissimis</strong></span> <span class='ocrx_word' id='word_1_85' title='bbox 851 1401 987 1485; x_wconf 81' lang='lat' dir='ltr'><strong>praedito</strong></span> <span class='ocrx_word' id='word_1_86' title='bbox 1017 1386 1166 1485; x_wconf 82' lang='lat' dir='ltr'><strong>quantum</strong></span> <span class='ocrx_word' id='word_1_87' title='bbox 1195 1402 1359 1470; x_wconf 76' lang='lat' dir='ltr'><strong>debeamus</strong></span> <span class='ocrx_word' id='word_1_88' title='bbox 1383 1423 1500 1488; x_wconf 88' lang='lat' dir='ltr'><strong>quaqua</strong></span> 
     </span>
     <span class='ocr_line' id='line_1_11' title="bbox 249 1517 1503 1607; baseline -0.004 -18"><span class='ocrx_word' id='word_1_89' title='bbox 249 1521 428 1607; x_wconf 75' lang='lat' dir='ltr'><strong>praestanti·</strong></span> <span class='ocrx_word' id='word_1_90' title='bbox 440 1518 650 1586; x_wconf 80' lang='lat' dir='ltr'><strong>benevolentia</strong></span> <span class='ocrx_word' id='word_1_91' title='bbox 673 1519 705 1584; x_wconf 90' lang='lat' dir='ltr'><strong>ot</strong></span> <span class='ocrx_word' id='word_1_92' title='bbox 726 1520 851 1600; x_wconf 81' lang='lat' dir='ltr'><strong>paterno</strong></span> <span class='ocrx_word' id='word_1_93' title='bbox 866 1536 969 1582; x_wconf 88' lang='lat' dir='ltr'><strong>amoro</strong></span> <span class='ocrx_word' id='word_1_94' title='bbox 990 1517 1080 1582; x_wconf 89' lang='lat' dir='ltr'><strong>illum</strong></span> <span class='ocrx_word' id='word_1_95' title='bbox 1102 1518 1339 1600; x_wconf 79' lang='lat' dir='ltr'><strong>complantamur</strong></span> <span class='ocrx_word' id='word_1_96' title='bbox 1361 1517 1503 1584; x_wconf 89' lang='lat' dir='ltr'><strong>omnibus</strong></span> 
     </span>
     <span class='ocr_line' id='line_1_12' title="bbox 250 1632 1502 1723; baseline -0.004 -18"><span class='ocrx_word' id='word_1_97' title='bbox 250 1641 353 1723; x_wconf 86' lang='lat' dir='ltr'><strong>patore</strong></span> <span class='ocrx_word' id='word_1_98' title='bbox 375 1638 491 1720; x_wconf 81' lang='lat' dir='ltr'><strong>potest:</strong></span> <span class='ocrx_word' id='word_1_99' title='bbox 520 1635 611 1700; x_wconf 91' lang='lat' dir='ltr'><strong>huius</strong></span> <span class='ocrx_word' id='word_1_100' title='bbox 634 1633 731 1718; x_wconf 83' lang='lat' dir='ltr'><strong>igitur</strong></span> <span class='ocrx_word' id='word_1_101' title='bbox 753 1634 881 1699; x_wconf 84' lang='lat' dir='ltr'><strong>fratrem</strong></span> <span class='ocrx_word' id='word_1_102' title='bbox 909 1651 1091 1716; x_wconf 81' lang='lat' dir='ltr'><strong>germanum</strong></span> <span class='ocrx_word' id='word_1_103' title='bbox 1120 1632 1268 1698; x_wconf 86' lang='lat' dir='ltr'><strong>dilootum</strong></span> <span class='ocrx_word' id='word_1_104' title='bbox 1289 1634 1378 1700; x_wconf 89' lang='lat' dir='ltr'><strong>nobis</strong></span> <span class='ocrx_word' id='word_1_105' title='bbox 1402 1634 1502 1700; x_wconf 89' lang='lat' dir='ltr'><strong>filium</strong></span> 
     </span>
     <span class='ocr_line' id='line_1_13' title="bbox 249 1748 1502 1834; baseline -0.003 -14"><span class='ocrx_word' id='word_1_106' title='bbox 249 1753 430 1820; x_wconf 76' lang='lat' dir='ltr'><strong>Marcellum</strong></span> <span class='ocrx_word' id='word_1_107' title='bbox 452 1751 489 1816; x_wconf 87' lang='lat' dir='ltr'><strong>do</strong></span> <span class='ocrx_word' id='word_1_108' title='bbox 505 1748 653 1815; x_wconf 85' lang='lat' dir='ltr'><strong>Columna</strong></span> <span class='ocrx_word' id='word_1_109' title='bbox 668 1750 809 1832; x_wconf 90' lang='lat' dir='ltr'><strong>optamus</strong></span> <span class='ocrx_word' id='word_1_110' title='bbox 831 1767 850 1813; x_wconf 91' lang='lat' dir='ltr'><strong>a</strong></span> <span class='ocrx_word' id='word_1_111' title='bbox 865 1751 896 1813; x_wconf 85' lang='lat' dir='ltr'><strong>to</strong></span> <span class='ocrx_word' id='word_1_112' title='bbox 911 1748 968 1813; x_wconf 91' lang='lat' dir='ltr'><strong>hoo</strong></span> <span class='ocrx_word' id='word_1_113' title='bbox 982 1767 1107 1813; x_wconf 88' lang='lat' dir='ltr'><strong>munors</strong></span> <span class='ocrx_word' id='word_1_114' title='bbox 1122 1749 1225 1814; x_wconf 90' lang='lat' dir='ltr'><strong>ornari</strong></span> <span class='ocrx_word' id='word_1_115' title='bbox 1246 1751 1278 1814; x_wconf 91' lang='lat' dir='ltr'><strong>ot</strong></span> <span class='ocrx_word' id='word_1_116' title='bbox 1299 1750 1370 1815; x_wconf 88' lang='lat' dir='ltr'><strong>tuas</strong></span> <span class='ocrx_word' id='word_1_117' title='bbox 1385 1769 1502 1834; x_wconf 88' lang='lat' dir='ltr'><strong>quoquo</strong></span> 
     </span>
     <span class='ocr_line' id='line_1_14' title="bbox 248 1863 1501 1951; baseline -0.003 -16"><span class='ocrx_word' id='word_1_118' title='bbox 248 1870 285 1936; x_wconf 84' lang='lat' dir='ltr'><strong>da</strong></span> <span class='ocrx_word' id='word_1_119' title='bbox 308 1869 362 1934; x_wconf 92' lang='lat' dir='ltr'><strong>illo</strong></span> <span class='ocrx_word' id='word_1_120' title='bbox 383 1865 535 1951; x_wconf 88' lang='lat' dir='ltr'><strong>opinionis</strong></span> <span class='ocrx_word' id='word_1_121' title='bbox 557 1863 668 1930; x_wconf 78' lang='lat' dir='ltr'><strong>iudicio</strong></span> <span class='ocrx_word' id='word_1_122' title='bbox 697 1863 855 1947; x_wconf 82' lang='lat' dir='ltr'><strong>insigniri:</strong></span> <span class='ocrx_word' id='word_1_123' title='bbox 885 1880 943 1946; x_wconf 89' lang='lat' dir='ltr'><strong>quo</strong></span> <span class='ocrx_word' id='word_1_124' title='bbox 966 1863 1110 1929; x_wconf 87' lang='lat' dir='ltr'><strong>bonofioio</strong></span> <span class='ocrx_word' id='word_1_125' title='bbox 1133 1882 1195 1929; x_wconf 90' lang='lat' dir='ltr'><strong>non</strong></span> <span class='ocrx_word' id='word_1_126' title='bbox 1217 1883 1314 1930; x_wconf 92' lang='lat' dir='ltr'><strong>unum</strong></span> <span class='ocrx_word' id='word_1_127' title='bbox 1335 1865 1501 1944; x_wconf 78' lang='lat' dir='ltr'><strong>hominem,</strong></span> 
     </span>
     <span class='ocr_line' id='line_1_15' title="bbox 249 1977 1502 2070; baseline -0.002 -20"><span class='ocrx_word' id='word_1_128' title='bbox 249 2001 434 2070; x_wconf 89' lang='lat' dir='ltr'><strong>quamquam</strong></span> <span class='ocrx_word' id='word_1_129' title='bbox 463 1981 566 2065; x_wconf 89' lang='lat' dir='ltr'><strong>ipsum</strong></span> <span class='ocrx_word' id='word_1_130' title='bbox 594 1999 648 2063; x_wconf 88' lang='lat' dir='ltr'><strong>por</strong></span> <span class='ocrx_word' id='word_1_131' title='bbox 678 1999 710 2044; x_wconf 91' lang='lat' dir='ltr'><strong>so</strong></span> <span class='ocrx_word' id='word_1_132' title='bbox 733 1979 817 2044; x_wconf 91' lang='lat' dir='ltr'><strong>omni</strong></span> <span class='ocrx_word' id='word_1_133' title='bbox 846 1978 959 2044; x_wconf 87' lang='lat' dir='ltr'><strong>honoro</strong></span> <span class='ocrx_word' id='word_1_134' title='bbox 988 1977 1216 2062; x_wconf 77' lang='lat' dir='ltr'><strong>dignissimum,</strong></span> <span class='ocrx_word' id='word_1_135' title='bbox 1246 1979 1300 2046; x_wconf 86' lang='lat' dir='ltr'><strong>sod</strong></span> <span class='ocrx_word' id='word_1_136' title='bbox 1328 1981 1502 2048; x_wconf 82' lang='lat' dir='ltr'><strong>universam</strong></span> 
     </span>
     <span class='ocr_line' id='line_1_16' title="bbox 248 2093 1502 2182; baseline -0.002 -18"><span class='ocrx_word' id='word_1_137' title='bbox 248 2099 338 2164; x_wconf 92' lang='lat' dir='ltr'><strong>illam</strong></span> <span class='ocrx_word' id='word_1_138' title='bbox 361 2097 514 2162; x_wconf 86' lang='lat' dir='ltr'><strong>familiam</strong></span> <span class='ocrx_word' id='word_1_139' title='bbox 536 2095 648 2161; x_wconf 84' lang='lat' dir='ltr'><strong>tibist</strong></span> <span class='ocrx_word' id='word_1_140' title='bbox 670 2093 770 2159; x_wconf 88' lang='lat' dir='ltr'><strong>ordini</strong></span> <span class='ocrx_word' id='word_1_141' title='bbox 785 2094 837 2159; x_wconf 91' lang='lat' dir='ltr'><strong>tuo</strong></span> <span class='ocrx_word' id='word_1_142' title='bbox 860 2093 1054 2160; x_wconf 84' lang='lat' dir='ltr'><strong>dovinotums</strong></span> <span class='ocrx_word' id='word_1_143' title='bbox 1077 2113 1125 2160; x_wconf 84' lang='lat' dir='ltr'><strong>as:</strong></span> <span class='ocrx_word' id='word_1_144' title='bbox 1148 2093 1234 2159; x_wconf 90' lang='lat' dir='ltr'><strong>ouius</strong></span> <span class='ocrx_word' id='word_1_145' title='bbox 1250 2114 1340 2178; x_wconf 83' lang='lat' dir='ltr'><strong>opera</strong></span> <span class='ocrx_word' id='word_1_146' title='bbox 1355 2098 1387 2162; x_wconf 86' lang='lat' dir='ltr'><strong>at</strong></span> <span class='ocrx_word' id='word_1_147' title='bbox 1400 2097 1502 2182; x_wconf 84' lang='lat' dir='ltr'><strong>gratia</strong></span> 
     </span>
     <span class='ocr_line' id='line_1_17' title="bbox 248 2210 1501 2295; baseline -0.003 -14"><span class='ocrx_word' id='word_1_148' title='bbox 248 2217 280 2282; x_wconf 87' lang='lat' dir='ltr'><strong>at</strong></span> <span class='ocrx_word' id='word_1_149' title='bbox 302 2213 467 2279; x_wconf 88' lang='lat' dir='ltr'><strong>auotoritas</strong></span> <span class='ocrx_word' id='word_1_150' title='bbox 497 2230 590 2295; x_wconf 91' lang='lat' dir='ltr'><strong>quam</strong></span> <span class='ocrx_word' id='word_1_151' title='bbox 619 2210 679 2276; x_wconf 93' lang='lat' dir='ltr'><strong>tibi</strong></span> <span class='ocrx_word' id='word_1_152' title='bbox 707 2212 856 2293; x_wconf 81' lang='lat' dir='ltr'><strong>rebusque</strong></span> <span class='ocrx_word' id='word_1_153' title='bbox 885 2210 948 2274; x_wconf 91' lang='lat' dir='ltr'><strong>tuis</strong></span> <span class='ocrx_word' id='word_1_154' title='bbox 972 2229 1007 2274; x_wconf 90' lang='lat' dir='ltr'><strong>ao</strong></span> <span class='ocrx_word' id='word_1_155' title='bbox 1036 2211 1159 2276; x_wconf 90' lang='lat' dir='ltr'><strong>tuorum</strong></span> <span class='ocrx_word' id='word_1_156' title='bbox 1181 2210 1215 2274; x_wconf 95' lang='lat' dir='ltr'><strong>in</strong></span> <span class='ocrx_word' id='word_1_157' title='bbox 1237 2211 1381 2276; x_wconf 84' lang='lat' dir='ltr'><strong>maximis</strong></span> <span class='ocrx_word' id='word_1_158' title='bbox 1411 2213 1501 2278; x_wconf 85' lang='lat' dir='ltr'><strong>robus</strong></span> 
     </span>
     <span class='ocr_line' id='line_1_18' title="bbox 249 2325 1503 2411; baseline -0.002 -16"><span class='ocrx_word' id='word_1_159' title='bbox 249 2330 319 2395; x_wconf 91' lang='lat' dir='ltr'><strong>usui</strong></span> <span class='ocrx_word' id='word_1_160' title='bbox 340 2348 406 2395; x_wconf 88' lang='lat' dir='ltr'><strong>asso</strong></span> <span class='ocrx_word' id='word_1_161' title='bbox 435 2327 562 2411; x_wconf 77' lang='lat' dir='ltr'><strong>possint</strong></span> <span class='ocrx_word' id='word_1_162' title='bbox 593 2327 748 2392; x_wconf 92' lang='lat' dir='ltr'><strong>malumus</strong></span> <span class='ocrx_word' id='word_1_163' title='bbox 771 2326 801 2390; x_wconf 87' lang='lat' dir='ltr'><strong>to</strong></span> <span class='ocrx_word' id='word_1_164' title='bbox 824 2325 998 2391; x_wconf 84' lang='lat' dir='ltr'><strong>existimare</strong></span> <span class='ocrx_word' id='word_1_165' title='bbox 1028 2343 1120 2409; x_wconf 88' lang='lat' dir='ltr'><strong>quam</strong></span> <span class='ocrx_word' id='word_1_166' title='bbox 1143 2344 1198 2391; x_wconf 92' lang='lat' dir='ltr'><strong>nos</strong></span> <span class='ocrx_word' id='word_1_167' title='bbox 1229 2327 1366 2393; x_wconf 90' lang='lat' dir='ltr'><strong>soribora.</strong></span> <span class='ocrx_word' id='word_1_168' title='bbox 1413 2327 1503 2394; x_wconf 87' lang='lat' dir='ltr'><strong>Nihil</strong></span> 
     </span>
     <span class='ocr_line' id='line_1_19' title="bbox 248 2440 1502 2528; baseline -0.002 -17"><span class='ocrx_word' id='word_1_169' title='bbox 248 2447 329 2511; x_wconf 77' lang='lat' dir='ltr'><strong>sarta</strong></span> <span class='ocrx_word' id='word_1_170' title='bbox 351 2443 537 2528; x_wconf 84' lang='lat' dir='ltr'><strong>quarendum</strong></span> <span class='ocrx_word' id='word_1_171' title='bbox 559 2444 607 2507; x_wconf 89' lang='lat' dir='ltr'><strong>ost</strong></span> <span class='ocrx_word' id='word_1_172' title='bbox 629 2441 662 2506; x_wconf 92' lang='lat' dir='ltr'><strong>in</strong></span> <span class='ocrx_word' id='word_1_173' title='bbox 684 2441 734 2506; x_wconf 90' lang='lat' dir='ltr'><strong>his</strong></span> <span class='ocrx_word' id='word_1_174' title='bbox 756 2441 810 2525; x_wconf 93' lang='lat' dir='ltr'><strong>qui</strong></span> <span class='ocrx_word' id='word_1_175' title='bbox 832 2440 872 2506; x_wconf 87' lang='lat' dir='ltr'><strong>ad</strong></span> <span class='ocrx_word' id='word_1_176' title='bbox 893 2441 971 2506; x_wconf 85' lang='lat' dir='ltr'><strong>talos</strong></span> <span class='ocrx_word' id='word_1_177' title='bbox 993 2441 1196 2524; x_wconf 86' lang='lat' dir='ltr'><strong>proooptorias</strong></span> <span class='ocrx_word' id='word_1_178' title='bbox 1220 2443 1274 2506; x_wconf 90' lang='lat' dir='ltr'><strong>aut</strong></span> <span class='ocrx_word' id='word_1_179' title='bbox 1295 2441 1447 2526; x_wconf 88' lang='lat' dir='ltr'><strong>prioratus</strong></span> <span class='ocrx_word' id='word_1_180' title='bbox 1470 2445 1502 2508; x_wconf 88' lang='lat' dir='ltr'><strong>ot</strong></span> 
     </span>
     <span class='ocr_line' id='line_1_20' title="bbox 248 2554 1502 2643; baseline -0.002 -17"><span class='ocrx_word' id='word_1_181' title='bbox 248 2561 350 2626; x_wconf 86' lang='lat' dir='ltr'><strong>officia</strong></span> <span class='ocrx_word' id='word_1_182' title='bbox 371 2559 565 2643; x_wconf 78' lang='lat' dir='ltr'><strong>requiruntur</strong></span> <span class='ocrx_word' id='word_1_183' title='bbox 587 2556 667 2641; x_wconf 85' lang='lat' dir='ltr'><strong>quod</strong></span> <span class='ocrx_word' id='word_1_184' title='bbox 689 2575 751 2622; x_wconf 94' lang='lat' dir='ltr'><strong>non</strong></span> <span class='ocrx_word' id='word_1_185' title='bbox 773 2557 927 2622; x_wconf 81' lang='lat' dir='ltr'><strong>cumulata</strong></span> <span class='ocrx_word' id='word_1_186' title='bbox 949 2556 982 2622; x_wconf 92' lang='lat' dir='ltr'><strong>in</strong></span> <span class='ocrx_word' id='word_1_187' title='bbox 1004 2556 1061 2622; x_wconf 89' lang='lat' dir='ltr'><strong>hoo</strong></span> <span class='ocrx_word' id='word_1_188' title='bbox 1076 2554 1220 2622; x_wconf 87' lang='lat' dir='ltr'><strong>Marosllo</strong></span> <span class='ocrx_word' id='word_1_189' title='bbox 1242 2557 1327 2622; x_wconf 88' lang='lat' dir='ltr'><strong>insit</strong></span> <span class='ocrx_word' id='word_1_190' title='bbox 1372 2557 1454 2623; x_wconf 87' lang='lat' dir='ltr'><strong>Nam</strong></span> <span class='ocrx_word' id='word_1_191' title='bbox 1470 2559 1502 2624; x_wconf 88' lang='lat' dir='ltr'><strong>ot</strong></span> 
     </span>
     <span class='ocr_line' id='line_1_21' title="bbox 249 2671 1500 2759; baseline -0.002 -18"><span class='ocrx_word' id='word_1_192' title='bbox 249 2677 282 2742; x_wconf 94' lang='lat' dir='ltr'><strong>in</strong></span> <span class='ocrx_word' id='word_1_193' title='bbox 304 2674 482 2759; x_wconf 86' lang='lat' dir='ltr'><strong>parioulosis</strong></span> <span class='ocrx_word' id='word_1_194' title='bbox 504 2691 540 2738; x_wconf 90' lang='lat' dir='ltr'><strong>ao</strong></span> <span class='ocrx_word' id='word_1_195' title='bbox 555 2671 732 2737; x_wconf 81' lang='lat' dir='ltr'><strong>difficilibus</strong></span> <span class='ocrx_word' id='word_1_196' title='bbox 755 2673 845 2738; x_wconf 88' lang='lat' dir='ltr'><strong>robus</strong></span> <span class='ocrx_word' id='word_1_197' title='bbox 859 2691 1009 2755; x_wconf 84' lang='lat' dir='ltr'><strong>magnum</strong></span> <span class='ocrx_word' id='word_1_198' title='bbox 1031 2691 1067 2736; x_wconf 81' lang='lat' dir='ltr'><strong>ox</strong></span> <span class='ocrx_word' id='word_1_199' title='bbox 1089 2671 1175 2737; x_wconf 92' lang='lat' dir='ltr'><strong>illius</strong></span> <span class='ocrx_word' id='word_1_200' title='bbox 1191 2672 1302 2738; x_wconf 86' lang='lat' dir='ltr'><strong>virtuto</strong></span> <span class='ocrx_word' id='word_1_201' title='bbox 1319 2673 1500 2753; x_wconf 78' lang='lat' dir='ltr'><strong>subsidium,</strong></span> 
     </span>
     <span class='ocr_line' id='line_1_22' title="bbox 249 2786 1500 2873; baseline -0.002 -16"><span class='ocrx_word' id='word_1_202' title='bbox 249 2793 280 2857; x_wconf 90' lang='lat' dir='ltr'><strong>ot</strong></span> <span class='ocrx_word' id='word_1_203' title='bbox 301 2791 335 2856; x_wconf 94' lang='lat' dir='ltr'><strong>in</strong></span> <span class='ocrx_word' id='word_1_204' title='bbox 363 2789 480 2873; x_wconf 90' lang='lat' dir='ltr'><strong>paoatis</strong></span> <span class='ocrx_word' id='word_1_205' title='bbox 503 2790 593 2872; x_wconf 89' lang='lat' dir='ltr'><strong>atquo</strong></span> <span class='ocrx_word' id='word_1_206' title='bbox 623 2787 798 2872; x_wconf 89' lang='lat' dir='ltr'><strong>tranquillis</strong></span> <span class='ocrx_word' id='word_1_207' title='bbox 821 2788 1034 2852; x_wconf 90' lang='lat' dir='ltr'><strong>omamsntnm</strong></span> <span class='ocrx_word' id='word_1_208' title='bbox 1056 2787 1109 2852; x_wconf 93' lang='lat' dir='ltr'><strong>tuo</strong></span> <span class='ocrx_word' id='word_1_209' title='bbox 1132 2786 1230 2852; x_wconf 85' lang='lat' dir='ltr'><strong>ordini</strong></span> <span class='ocrx_word' id='word_1_210' title='bbox 1255 2788 1415 2853; x_wconf 85' lang='lat' dir='ltr'><strong>rantumm</strong></span> <span class='ocrx_word' id='word_1_211' title='bbox 1438 2789 1500 2856; x_wconf 86' lang='lat' dir='ltr'><strong>ast:</strong></span> 
     </span>
     <span class='ocr_line' id='line_1_23' title="bbox 249 2901 1501 2989; baseline -0.003 -17"><span class='ocrx_word' id='word_1_212' title='bbox 249 2909 280 2972; x_wconf 88' lang='lat' dir='ltr'><strong>ot</strong></span> <span class='ocrx_word' id='word_1_213' title='bbox 302 2925 363 2972; x_wconf 90' lang='lat' dir='ltr'><strong>non</strong></span> <span class='ocrx_word' id='word_1_214' title='bbox 385 2905 482 2989; x_wconf 91' lang='lat' dir='ltr'><strong>ipsius</strong></span> <span class='ocrx_word' id='word_1_215' title='bbox 513 2904 613 2969; x_wconf 89' lang='lat' dir='ltr'><strong>solum</strong></span> <span class='ocrx_word' id='word_1_216' title='bbox 636 2902 688 2968; x_wconf 87' lang='lat' dir='ltr'><strong>sod</strong></span> <span class='ocrx_word' id='word_1_217' title='bbox 717 2903 920 2986; x_wconf 80' lang='lat' dir='ltr'><strong>complurium</strong></span> <span class='ocrx_word' id='word_1_218' title='bbox 942 2901 996 2986; x_wconf 93' lang='lat' dir='ltr'><strong>qui</strong></span> <span class='ocrx_word' id='word_1_219' title='bbox 1024 2901 1073 2966; x_wconf 94' lang='lat' dir='ltr'><strong>illi</strong></span> <span class='ocrx_word' id='word_1_220' title='bbox 1094 2903 1318 2969; x_wconf 85' lang='lat' dir='ltr'><strong>naoossitudina</strong></span> <span class='ocrx_word' id='word_1_221' title='bbox 1347 2903 1501 2982; x_wconf 85' lang='lat' dir='ltr'><strong>ooniunoti</strong></span> 
     </span>
     <span class='ocr_line' id='line_1_24' title="bbox 251 3017 1501 3103; baseline -0.002 -17"><span class='ocrx_word' id='word_1_222' title='bbox 251 3023 331 3100; x_wconf 74' lang='lat' dir='ltr'><strong>sunt,</strong></span> <span class='ocrx_word' id='word_1_223' title='bbox 353 3020 522 3086; x_wconf 92' lang='lat' dir='ltr'><strong>illustrium</strong></span> <span class='ocrx_word' id='word_1_224' title='bbox 545 3020 576 3084; x_wconf 88' lang='lat' dir='ltr'><strong>at</strong></span> <span class='ocrx_word' id='word_1_225' title='bbox 598 3018 725 3083; x_wconf 87' lang='lat' dir='ltr'><strong>fortium</strong></span> <span class='ocrx_word' id='word_1_226' title='bbox 747 3018 881 3083; x_wconf 90' lang='lat' dir='ltr'><strong>virorum</strong></span> <span class='ocrx_word' id='word_1_227' title='bbox 903 3017 1001 3082; x_wconf 85' lang='lat' dir='ltr'><strong>virtus</strong></span> <span class='ocrx_word' id='word_1_228' title='bbox 1025 3037 1145 3101; x_wconf 84' lang='lat' dir='ltr'><strong>sempor</strong></span> <span class='ocrx_word' id='word_1_229' title='bbox 1160 3018 1246 3084; x_wconf 84' lang='lat' dir='ltr'><strong>vobis</strong></span> <span class='ocrx_word' id='word_1_230' title='bbox 1269 3021 1376 3103; x_wconf 86' lang='lat' dir='ltr'><strong>parata</strong></span> <span class='ocrx_word' id='word_1_231' title='bbox 1398 3019 1501 3084; x_wconf 79' lang='lat' dir='ltr'><strong>lutura</strong></span> 
     </span>
     <span class='ocr_line' id='line_1_25' title="bbox 250 3132 1497 3219; baseline -0.001 -18"><span class='ocrx_word' id='word_1_232' title='bbox 250 3138 312 3202; x_wconf 88' lang='lat' dir='ltr'><strong>ast:</strong></span> <span class='ocrx_word' id='word_1_233' title='bbox 341 3137 377 3199; x_wconf 92' lang='lat' dir='ltr'><strong>ut</strong></span> <span class='ocrx_word' id='word_1_234' title='bbox 399 3135 548 3199; x_wconf 82' lang='lat' dir='ltr'><strong>maximos</strong></span> <span class='ocrx_word' id='word_1_235' title='bbox 577 3133 712 3216; x_wconf 84' lang='lat' dir='ltr'><strong>quotidie</strong></span> <span class='ocrx_word' id='word_1_236' title='bbox 740 3132 857 3198; x_wconf 86' lang='lat' dir='ltr'><strong>fructus</strong></span> <span class='ocrx_word' id='word_1_237' title='bbox 880 3132 928 3198; x_wconf 86' lang='lat' dir='ltr'><strong>tui</strong></span> <span class='ocrx_word' id='word_1_238' title='bbox 955 3132 1081 3198; x_wconf 86' lang='lat' dir='ltr'><strong>huiusoo</strong></span> <span class='ocrx_word' id='word_1_239' title='bbox 1103 3132 1140 3198; x_wconf 84' lang='lat' dir='ltr'><strong>do</strong></span> <span class='ocrx_word' id='word_1_240' title='bbox 1163 3153 1197 3199; x_wconf 89' lang='lat' dir='ltr'><strong>ao</strong></span> <span class='ocrx_word' id='word_1_241' title='bbox 1220 3134 1325 3200; x_wconf 83' lang='lat' dir='ltr'><strong>iudioii</strong></span> <span class='ocrx_word' id='word_1_242' title='bbox 1354 3135 1397 3200; x_wconf 91' lang='lat' dir='ltr'><strong>sis</strong></span> <span class='ocrx_word' id='word_1_243' title='bbox 1426 3155 1497 3219; x_wconf 87' lang='lat' dir='ltr'><strong>par·</strong></span> 
     </span>
     <span class='ocr_line' id='line_1_26' title="bbox 249 3247 1500 3335; baseline -0.001 -18"><span class='ocrx_word' id='word_1_244' title='bbox 249 3253 399 3335; x_wconf 89' lang='lat' dir='ltr'><strong>oopturus.</strong></span> <span class='ocrx_word' id='word_1_245' title='bbox 437 3247 522 3330; x_wconf 82' lang='lat' dir='ltr'><strong>Quas</strong></span> <span class='ocrx_word' id='word_1_246' title='bbox 543 3267 613 3314; x_wconf 88' lang='lat' dir='ltr'><strong>oum</strong></span> <span class='ocrx_word' id='word_1_247' title='bbox 635 3247 680 3312; x_wconf 91' lang='lat' dir='ltr'><strong>ita</strong></span> <span class='ocrx_word' id='word_1_248' title='bbox 704 3247 775 3327; x_wconf 85' lang='lat' dir='ltr'><strong>sint,</strong></span> <span class='ocrx_word' id='word_1_249' title='bbox 797 3267 911 3332; x_wconf 88' lang='lat' dir='ltr'><strong>nosquo</strong></span> <span class='ocrx_word' id='word_1_250' title='bbox 927 3247 980 3332; x_wconf 91' lang='lat' dir='ltr'><strong>qui</strong></span> <span class='ocrx_word' id='word_1_251' title='bbox 1002 3247 1035 3314; x_wconf 95' lang='lat' dir='ltr'><strong>in</strong></span> <span class='ocrx_word' id='word_1_252' title='bbox 1050 3249 1192 3315; x_wconf 90' lang='lat' dir='ltr'><strong>omnibus</strong></span> <span class='ocrx_word' id='word_1_253' title='bbox 1207 3250 1391 3333; x_wconf 81' lang='lat' dir='ltr'><strong>potestatam</strong></span> <span class='ocrx_word' id='word_1_254' title='bbox 1414 3251 1500 3316; x_wconf 88' lang='lat' dir='ltr'><strong>tuam</strong></span> 
     </span>
     <span class='ocr_line' id='line_1_27' title="bbox 249 3363 1499 3446; baseline -0.001 -14"><span class='ocrx_word' id='word_1_255' title='bbox 249 3368 390 3432; x_wconf 90' lang='lat' dir='ltr'><strong>volumus</strong></span> <span class='ocrx_word' id='word_1_256' title='bbox 412 3365 535 3430; x_wconf 88' lang='lat' dir='ltr'><strong>firmam</strong></span> <span class='ocrx_word' id='word_1_257' title='bbox 557 3365 588 3429; x_wconf 89' lang='lat' dir='ltr'><strong>ot</strong></span> <span class='ocrx_word' id='word_1_258' title='bbox 610 3363 764 3429; x_wconf 87' lang='lat' dir='ltr'><strong>illibatam</strong></span> <span class='ocrx_word' id='word_1_259' title='bbox 786 3381 962 3446; x_wconf 83' lang='lat' dir='ltr'><strong>parmanoro</strong></span> <span class='ocrx_word' id='word_1_260' title='bbox 984 3364 1041 3429; x_wconf 91' lang='lat' dir='ltr'><strong>hoo</strong></span> <span class='ocrx_word' id='word_1_261' title='bbox 1056 3365 1120 3431; x_wconf 88' lang='lat' dir='ltr'><strong>ato</strong></span> <span class='ocrx_word' id='word_1_262' title='bbox 1142 3365 1230 3431; x_wconf 83' lang='lat' dir='ltr'><strong>tanto</strong></span> <span class='ocrx_word' id='word_1_263' title='bbox 1254 3365 1354 3430; x_wconf 88' lang='lat' dir='ltr'><strong>studio</strong></span> <span class='ocrx_word' id='word_1_264' title='bbox 1372 3367 1499 3431; x_wconf 79' lang='lat' dir='ltr'><strong>conton-</strong></span> 
     </span>
     <span class='ocr_line' id='line_1_28' title="bbox 250 3478 1500 3564; baseline -0.001 -17"><span class='ocrx_word' id='word_1_265' title='bbox 250 3482 367 3561; x_wconf 77' lang='lat' dir='ltr'><strong>damus,</strong></span> <span class='ocrx_word' id='word_1_266' title='bbox 389 3481 548 3545; x_wconf 86' lang='lat' dir='ltr'><strong>hortamur</strong></span> <span class='ocrx_word' id='word_1_267' title='bbox 576 3478 768 3544; x_wconf 81' lang='lat' dir='ltr'><strong>devotionem</strong></span> <span class='ocrx_word' id='word_1_268' title='bbox 790 3481 876 3544; x_wconf 89' lang='lat' dir='ltr'><strong>tuam</strong></span> <span class='ocrx_word' id='word_1_269' title='bbox 897 3479 932 3544; x_wconf 91' lang='lat' dir='ltr'><strong>in</strong></span> <span class='ocrx_word' id='word_1_270' title='bbox 953 3479 1077 3546; x_wconf 88' lang='lat' dir='ltr'><strong>domino</strong></span> <span class='ocrx_word' id='word_1_271' title='bbox 1099 3481 1131 3545; x_wconf 89' lang='lat' dir='ltr'><strong>ot</strong></span> <span class='ocrx_word' id='word_1_272' title='bbox 1152 3481 1277 3564; x_wconf 87' lang='lat' dir='ltr'><strong>patomo</strong></span> <span class='ocrx_word' id='word_1_273' title='bbox 1298 3480 1441 3564; x_wconf 87' lang='lat' dir='ltr'><strong>potimus,</strong></span> <span class='ocrx_word' id='word_1_274' title='bbox 1463 3483 1500 3547; x_wconf 91' lang='lat' dir='ltr'><strong>ut</strong></span> 
     </span>
     <span class='ocr_line' id='line_1_29' title="bbox 249 3595 1498 3679; baseline -0.001 -17"><span class='ocrx_word' id='word_1_275' title='bbox 249 3598 307 3662; x_wconf 89' lang='lat' dir='ltr'><strong>hao</strong></span> <span class='ocrx_word' id='word_1_276' title='bbox 328 3597 432 3662; x_wconf 90' lang='lat' dir='ltr'><strong>nostra</strong></span> <span class='ocrx_word' id='word_1_277' title='bbox 454 3595 546 3660; x_wconf 90' lang='lat' dir='ltr'><strong>huius</strong></span> <span class='ocrx_word' id='word_1_278' title='bbox 568 3595 613 3659; x_wconf 88' lang='lat' dir='ltr'><strong>roi</strong></span> <span class='ocrx_word' id='word_1_279' title='bbox 634 3595 775 3678; x_wconf 88' lang='lat' dir='ltr'><strong>poroapta</strong></span> <span class='ocrx_word' id='word_1_280' title='bbox 789 3595 954 3674; x_wconf 81' lang='lat' dir='ltr'><strong>voluntato,</strong></span> <span class='ocrx_word' id='word_1_281' title='bbox 977 3595 1031 3661; x_wconf 87' lang='lat' dir='ltr'><strong>dos</strong></span> <span class='ocrx_word' id='word_1_282' title='bbox 1054 3597 1084 3662; x_wconf 88' lang='lat' dir='ltr'><strong>to</strong></span> <span class='ocrx_word' id='word_1_283' title='bbox 1106 3595 1152 3661; x_wconf 89' lang='lat' dir='ltr'><strong>ita</strong></span> <span class='ocrx_word' id='word_1_284' title='bbox 1169 3597 1344 3679; x_wconf 89' lang='lat' dir='ltr'><strong>promptum</strong></span> <span class='ocrx_word' id='word_1_285' title='bbox 1366 3597 1398 3663; x_wconf 88' lang='lat' dir='ltr'><strong>ot</strong></span> <span class='ocrx_word' id='word_1_286' title='bbox 1420 3595 1498 3662; x_wconf 85' lang='lat' dir='ltr'><strong>faoi·</strong></span> 
     </span>
     <span class='ocr_line' id='line_1_30' title="bbox 249 3709 1501 3796; baseline 0.001 -19"><span class='ocrx_word' id='word_1_287' title='bbox 249 3714 310 3777; x_wconf 88' lang='lat' dir='ltr'><strong>lam</strong></span> <span class='ocrx_word' id='word_1_288' title='bbox 333 3711 372 3776; x_wconf 86' lang='lat' dir='ltr'><strong>ad</strong></span> <span class='ocrx_word' id='word_1_289' title='bbox 394 3710 630 3794; x_wconf 80' lang='lat' dir='ltr'><strong>gratificandum</strong></span> <span class='ocrx_word' id='word_1_290' title='bbox 651 3709 787 3776; x_wconf 81' lang='lat' dir='ltr'><strong>familias</strong></span> <span class='ocrx_word' id='word_1_291' title='bbox 809 3712 874 3776; x_wconf 89' lang='lat' dir='ltr'><strong>tam</strong></span> <span class='ocrx_word' id='word_1_292' title='bbox 896 3711 1012 3776; x_wconf 88' lang='lat' dir='ltr'><strong>illustri</strong></span> <span class='ocrx_word' id='word_1_293' title='bbox 1034 3729 1070 3776; x_wconf 86' lang='lat' dir='ltr'><strong>ao</strong></span> <span class='ocrx_word' id='word_1_294' title='bbox 1091 3711 1245 3794; x_wconf 92' lang='lat' dir='ltr'><strong>imprimis</strong></span> <span class='ocrx_word' id='word_1_295' title='bbox 1273 3710 1335 3795; x_wconf 90' lang='lat' dir='ltr'><strong>ipsi</strong></span> <span class='ocrx_word' id='word_1_296' title='bbox 1356 3711 1501 3796; x_wconf 80' lang='lat' dir='ltr'><strong>Pompeio</strong></span> 
     </span>
     <span class='ocr_line' id='line_1_31' title="bbox 250 3825 1500 3911; baseline 0 -18"><span class='ocrx_word' id='word_1_297' title='bbox 250 3826 398 3893; x_wconf 79' lang='lat' dir='ltr'><strong>cardinali</strong></span> <span class='ocrx_word' id='word_1_298' title='bbox 420 3829 455 3890; x_wconf 94' lang='lat' dir='ltr'><strong>ut</strong></span> <span class='ocrx_word' id='word_1_299' title='bbox 477 3844 582 3890; x_wconf 88' lang='lat' dir='ltr'><strong>omnos</strong></span> <span class='ocrx_word' id='word_1_300' title='bbox 611 3825 789 3910; x_wconf 83' lang='lat' dir='ltr'><strong>intolligant</strong></span> <span class='ocrx_word' id='word_1_301' title='bbox 817 3826 924 3891; x_wconf 82' lang='lat' dir='ltr'><strong>haberi</strong></span> <span class='ocrx_word' id='word_1_302' title='bbox 946 3828 985 3891; x_wconf 90' lang='lat' dir='ltr'><strong>ab</strong></span> <span class='ocrx_word' id='word_1_303' title='bbox 1007 3827 1038 3892; x_wconf 89' lang='lat' dir='ltr'><strong>to</strong></span> <span class='ocrx_word' id='word_1_304' title='bbox 1061 3845 1129 3892; x_wconf 87' lang='lat' dir='ltr'><strong>sam</strong></span> <span class='ocrx_word' id='word_1_305' title='bbox 1152 3845 1244 3910; x_wconf 89' lang='lat' dir='ltr'><strong>quam</strong></span> <span class='ocrx_word' id='word_1_306' title='bbox 1273 3826 1359 3893; x_wconf 86' lang='lat' dir='ltr'><strong>dooot</strong></span> <span class='ocrx_word' id='word_1_307' title='bbox 1380 3829 1500 3911; x_wconf 85' lang='lat' dir='ltr'><strong>praator</strong></span> 
     </span>
     <span class='ocr_line' id='line_1_32' title="bbox 249 3939 1499 4032; baseline 0 -24"><span class='ocrx_word' id='word_1_308' title='bbox 249 3943 423 4008; x_wconf 89' lang='lat' dir='ltr'><strong>nostrarum</strong></span> <span class='ocrx_word' id='word_1_309' title='bbox 439 3939 690 4006; x_wconf 87' lang='lat' dir='ltr'><strong>intoroossionum</strong></span> <span class='ocrx_word' id='word_1_310' title='bbox 705 3941 867 4007; x_wconf 88' lang='lat' dir='ltr'><strong>atvirtutis</strong></span> <span class='ocrx_word' id='word_1_311' title='bbox 883 3943 914 4008; x_wconf 89' lang='lat' dir='ltr'><strong>at</strong></span> <span class='ocrx_word' id='word_1_312' title='bbox 929 3941 1100 4032; x_wconf 72' lang='lat' dir='ltr'><strong>nobilitatis</strong></span> <span class='ocrx_word' id='word_1_313' title='bbox 1116 3943 1147 4007; x_wconf 90' lang='lat' dir='ltr'><strong>at</strong></span> <span class='ocrx_word' id='word_1_314' title='bbox 1161 3941 1323 4026; x_wconf 81' lang='lat' dir='ltr'><strong>dignitatis</strong></span> <span class='ocrx_word' id='word_1_315' title='bbox 1339 3942 1499 4024; x_wconf 81' lang='lat' dir='ltr'><strong>rationem,</strong></span> 
     </span>
     <span class='ocr_line' id='line_1_33' title="bbox 248 4055 1498 4142; baseline 0.002 -19"><span class='ocrx_word' id='word_1_316' title='bbox 248 4056 415 4140; x_wconf 78' lang='lat' dir='ltr'><strong>domusque</strong></span> <span class='ocrx_word' id='word_1_317' title='bbox 436 4057 524 4121; x_wconf 87' lang='lat' dir='ltr'><strong>tanta</strong></span> <span class='ocrx_word' id='word_1_318' title='bbox 546 4058 637 4140; x_wconf 82' lang='lat' dir='ltr'><strong>atquo</strong></span> <span class='ocrx_word' id='word_1_319' title='bbox 659 4056 732 4122; x_wconf 87' lang='lat' dir='ltr'><strong>talis</strong></span> <span class='ocrx_word' id='word_1_320' title='bbox 754 4074 808 4140; x_wconf 92' lang='lat' dir='ltr'><strong>pro</strong></span> <span class='ocrx_word' id='word_1_321' title='bbox 830 4057 887 4123; x_wconf 92' lang='lat' dir='ltr'><strong>tali</strong></span> <span class='ocrx_word' id='word_1_322' title='bbox 916 4056 1061 4124; x_wconf 89' lang='lat' dir='ltr'><strong>bonofioio</strong></span> <span class='ocrx_word' id='word_1_323' title='bbox 1082 4057 1261 4142; x_wconf 85' lang='lat' dir='ltr'><strong>porpotuam</strong></span> <span class='ocrx_word' id='word_1_324' title='bbox 1282 4055 1342 4123; x_wconf 93' lang='lat' dir='ltr'><strong>tibi</strong></span> <span class='ocrx_word' id='word_1_325' title='bbox 1362 4058 1498 4142; x_wconf 82' lang='lat' dir='ltr'><strong>gratiam</strong></span> 
     </span>
     <span class='ocr_line' id='line_1_34' title="bbox 248 4169 1500 4258; baseline 0 -19"><span class='ocrx_word' id='word_1_326' title='bbox 248 4175 281 4239; x_wconf 87' lang='lat' dir='ltr'><strong>ot</strong></span> <span class='ocrx_word' id='word_1_327' title='bbox 308 4171 418 4238; x_wconf 90' lang='lat' dir='ltr'><strong>morito</strong></span> <span class='ocrx_word' id='word_1_328' title='bbox 447 4173 479 4236; x_wconf 88' lang='lat' dir='ltr'><strong>ot</strong></span> <span class='ocrx_word' id='word_1_329' title='bbox 505 4172 637 4239; x_wconf 86' lang='lat' dir='ltr'><strong>libantar</strong></span> <span class='ocrx_word' id='word_1_330' title='bbox 665 4172 781 4239; x_wconf 80' lang='lat' dir='ltr'><strong>dobant</strong></span> <span class='ocrx_word' id='word_1_331' title='bbox 827 4169 915 4252; x_wconf 83' lang='lat' dir='ltr'><strong>Quod</strong></span> <span class='ocrx_word' id='word_1_332' title='bbox 943 4172 1002 4240; x_wconf 87' lang='lat' dir='ltr'><strong>orit</strong></span> <span class='ocrx_word' id='word_1_333' title='bbox 1030 4172 1118 4240; x_wconf 89' lang='lat' dir='ltr'><strong>nobis</strong></span> <span class='ocrx_word' id='word_1_334' title='bbox 1148 4173 1279 4240; x_wconf 84' lang='lat' dir='ltr'><strong>maxima</strong></span> <span class='ocrx_word' id='word_1_335' title='bbox 1308 4175 1500 4258; x_wconf 80' lang='lat' dir='ltr'><strong>arpootatnm</strong></span> 
     </span>
     <span class='ocr_line' id='line_1_35' title="bbox 249 4287 1500 4372; baseline 0.003 -18"><span class='ocrx_word' id='word_1_336' title='bbox 249 4290 281 4355; x_wconf 89' lang='lat' dir='ltr'><strong>ot</strong></span> <span class='ocrx_word' id='word_1_337' title='bbox 302 4289 442 4372; x_wconf 71' lang='lat' dir='ltr'><strong>gratnm</strong></span> <span class='ocrx_word' id='word_1_338' title='bbox 486 4287 603 4353; x_wconf 88' lang='lat' dir='ltr'><strong>Datum</strong></span> <span class='ocrx_word' id='word_1_339' title='bbox 624 4289 740 4356; x_wconf 88' lang='lat' dir='ltr'><strong>Romaa</strong></span> <span class='ocrx_word' id='word_1_340' title='bbox 762 4289 818 4354; x_wconf 88' lang='lat' dir='ltr'><strong>ato.</strong></span> <span class='ocrx_word' id='word_1_341' title='bbox 862 4288 921 4354; x_wconf 86' lang='lat' dir='ltr'><strong>Dis</strong></span> <span class='ocrx_word' id='word_1_342' title='bbox 936 4288 1007 4354; x_wconf 82' lang='lat' dir='ltr'><strong>xxvi</strong></span> <span class='ocrx_word' id='word_1_343' title='bbox 1021 4287 1204 4356; x_wconf 78' lang='lat' dir='ltr'><strong>Novembris</strong></span> <span class='ocrx_word' id='word_1_344' title='bbox 1219 4287 1366 4355; x_wconf 81' lang='lat' dir='ltr'><strong>mlxxiiii</strong></span> <span class='ocrx_word' id='word_1_345' title='bbox 1409 4289 1500 4358; x_wconf 81' lang='lat' dir='ltr'><strong>Anno</strong></span> 
     </span>
     <span class='ocr_line' id='line_1_36' title="bbox 249 4403 388 4471; baseline -0.007 -1"><span class='ocrx_word' id='word_1_346' title='bbox 249 4403 388 4471; x_wconf 75' lang='lat' dir='ltr'><strong>amando.</strong></span> 
     </span>
    </p>
   </div>
   <div class='ocr_carea' id='block_1_4' title="bbox 0 0 1688 5084">
    <p class='ocr_par' dir='ltr' id='par_1_4' title="bbox 0 0 1688 5084">
     <span class='ocr_line' id='line_1_37' title="bbox 0 0 1688 5084; baseline 0 0"><span class='ocrx_word' id='word_1_347' title='bbox 0 0 1688 5084; x_wconf 95' lang='lat' dir='ltr'><strong> </strong></span> 
     </span>
    </p>
   </div>
  </div>
 </body>
</html>
