3380 5088
692 363 936 428 -263-

184 554 341 635 mstilerit
356 573 416 639 quo
430 574 501 621 enm
515 557 548 622 et
562 556 626 622 eius
642 555 846 622 iustissimam
863 573 987 622 musam
1002 554 1083 639 apud
1098 554 1294 620 mnotitetem
1302 555 1438 620 vestm

183 670 399 738 intercessione
421 671 569 748 foverem
595 671 706 739 idcirco
727 671 774 736 uti
795 689 899 739 rerum
920 671 1195 738 ecclesiasticarum
1216 669 1439 739 conservationi

185 805 239 870 pro
254 786 371 853 viribus
395 787 502 866 enitar,
525 787 570 853 ite
591 805 752 872 oppressae
775 787 1016 856 Hildesemensis
1038 787 1182 854 ecclesiae
1204 787 1348 871 periculis
1367 805 1436 854 suc·

184 921 302 968 amrere
316 901 449 986 cupiens,
464 903 598 968 vestam
614 903 809 970 emetitatem
824 904 932 970 obnixe
946 921 1019 988 rogo
1035 905 1184 988 quatenus
1199 901 1351 988 dignetur,
1365 904 1438 968 ante

183 1017 265 1084 dicto
287 1017 426 1102 episcopo
448 1019 479 1084 ot
501 1018 645 1086 ecclesiae
668 1037 741 1084 sune
762 1019 863 1103 gratia
885 1021 917 1086 et
938 1019 1039 1086 farore
1061 1018 1205 1104 prodesse
1219 1019 1250 1084 et
1272 1036 1365 1103 quam
1380 1017 1434 1083 be·

186 1134 367 1218 uiguissime
389 1135 588 1214 committere,
613 1137 646 1200 ut
668 1153 704 1201 ea
726 1153 817 1202 causa
841 1134 1002 1220 quemodo
1024 1135 1059 1202 in
1080 1137 1146 1201 rote
1167 1134 1280 1203 iudicio
1301 1132 1437 1200 indecisa

184 1249 250 1318 illio
270 1249 390 1334 pendet
412 1249 541 1318 indilate
563 1251 683 1318 definiri
705 1251 811 1336 possit

273 1363 400 1432 Necnon
421 1384 476 1450 pro
498 1369 617 1434 restrae
641 1367 815 1434 sanctitatis
838 1367 1001 1434 clementia
1031 1367 1159 1446 efficere,
1181 1367 1278 1434 immo
1300 1368 1331 1431 et
1355 1364 1436 1449 apud

184 1499 357 1548 mesaream
377 1482 572 1552 maiestatem
594 1482 788 1563 intercedere,
811 1501 871 1567 qno
892 1484 957 1549 lata
972 1483 1097 1550 demum
1118 1482 1153 1548 in
1167 1501 1202 1549 eo
1218 1479 1344 1566 negocio
1363 1499 1434 1551 aen·

184 1595 290 1677 unda
313 1597 426 1682 absque
448 1599 513 1664 ulla
532 1617 618 1667 mora
639 1599 808 1666 executioni
829 1599 998 1666 mandetur.
1043 1599 1081 1665 In
1103 1617 1138 1664 eo
1164 1599 1264 1664 reema
1287 1595 1436 1663 matites

184 1714 256 1797 aget
277 1731 343 1779 rem
374 1732 430 1779 sua
459 1714 622 1782 sanctiate
650 1717 683 1782 et
711 1713 823 1781 Sancta
851 1715 990 1784 Romana
1018 1714 1154 1782 llcclesia
1187 1714 1329 1798 dignam,
1359 1711 1437 1778 mihi

183 1847 300 1914 qnoque
321 1830 412 1914 longe
427 1830 648 1915 gratissimam,
670 1849 743 1916 erga
762 1831 959 1899 mediatem
973 1832 1116 1909 restam
1138 1849 1231 1915 quam
1247 1829 1339 1907 Deus,
1361 1827 1435 1912 opti.

183 1963 261 2011 mar.
283 1943 404 2011 felicem
426 1943 600 2012 diutissime
614 1948 780 2025 conservet,
802 1938 1071 2030 obsequiosissime
1094 1945 1195 2012 studio
1217 1942 1434 2011 remerendam,

271 2061 342 2126 Dat
365 2059 574 2146 Nuremberge
596 2061 654 2130 riv.
677 2061 792 2128 Mertii
837 2065 926 2130 Anno
948 2062 1076 2130 mdrxiii
1097 2080 1182 2128 more
1203 2058 1389 2128 Ueronensi

583 2237 584 2240 ,
812 2176 842 2244 S.
861 2179 896 2244 V.
919 2176 1047 2248 devotus

422 2293 594 2360 Richardus
615 2293 859 2378 archiepiscopus
882 2294 1076 2362 'herenensis
1098 2296 1131 2361 et
1151 2293 1292 2379 princeps
1314 2291 1433 2360 aleator.

776 2553 847 2619 197.

404 2719 653 2779 Ferdtnandus
676 2720 775 2778 arch.
799 2721 921 2779 Auser.
943 2718 1116 2780 Clementi
1139 2718 1213 2778 v11.

609 2827 696 2914 (Litt
719 2826 900 2911 principum.
923 2826 947 2892 I.
971 2827 1015 2913 5).

671 2943 714 3028 (4.
738 2943 808 3009 Dec.
836 2941 944 3028 1523).

270 3099 470 3168 Sanctissime
480 3103 699 3170 stbmdssime
714 3105 808 3187 potor,
820 3103 949 3182 domina
965 3104 1087 3172 domine
1096 3105 1343 3173 clementissime.
1359 3103 1434 3172 Post

182 3218 286 3284 beatos
301 3217 392 3302 podes
408 3218 561 3284 osculatos
577 3219 726 3285 humilem
735 3218 1005 3288 comendationem.
1021 3220 1226 3287 Beatissimus
1235 3219 1331 3286 vestm
1344 3221 1432 3286 ente·

181 3351 281 3400 oessm
302 3333 352 3400 iel
375 3333 488 3401 record.
511 3333 666 3400 Adrianus
689 3335 742 3400 VI.
766 3337 898 3420 acceptis
921 3336 1003 3402 cordi
1034 3336 1187 3403 continuis
1209 3335 1434 3402 incursionibus

180 3451 212 3516 et
232 3448 397 3516 hostilibus
419 3449 562 3534 procellis
585 3468 643 3534 que
666 3451 743 3518 meis
767 3451 899 3518 subditis
922 3470 941 3517 a
966 3451 1179 3536 perfidissimis
1203 3452 1308 3518 sancto
1330 3452 1434 3517 nostre

180 3564 251 3631 fidoi
272 3565 423 3644 hostibus,
446 3565 576 3631 immani
598 3565 788 3633 Turcharum
811 3569 910 3652 gente
934 3567 1114 3646 inferuntur,
1138 3587 1174 3661 ac
1188 3568 1340 3652 plerisque
1363 3565 1433 3632 aliis

179 3679 413 3747 necessitatibus
436 3699 493 3764 qne
508 3681 643 3765 quotidie
658 3681 808 3761 accidunt,
831 3701 955 3767 quomo
971 3684 1130 3768 statusque
1144 3683 1331 3769 populosque
1348 3700 1433 3748 meos

179 3795 368 3864 commodius
390 3796 500 3876 tuerer,
523 3799 792 3882 propulsaremqne
822 3799 934 3865 saltem
956 3799 1022 3864 rim
1044 3799 1139 3866 donec
1162 3800 1257 3865 semel
1280 3799 1432 3884 generalis

178 3910 234 3976 illa
255 3909 405 3995 expeditio
427 3909 461 3977 in
476 3913 712 3979 memoraretur
734 3913 869 3997 paternis
894 3913 1039 3980 subsidiis
1055 3934 1105 3980 me
1128 3915 1270 3982 adiurare
1285 3915 1431 3999 dignatus

179 4027 234 4092 ost.
258 4025 415 4095 concessu
429 4027 512 4094 onim
527 4028 614 4108 mihi
637 4028 827 4112 liberumque
849 4030 922 4098 iecit
945 4029 1059 4096 tradita
1074 4031 1177 4115 ampla
1200 4031 1346 4098 facultate
1368 4050 1432 4110 sua,

178 4144 214 4209 nt
235 4161 290 4226 per
310 4141 468 4210 universas
491 4143 621 4212 ditiones
638 4163 722 4211 meas
745 4145 857 4212 acloro
875 4145 999 4212 tertiam
1021 4148 1223 4230 proventuum
1239 4165 1362 4214 suorum
1381 4167 1431 4214 eo-

178 4257 418 4326 clesiastioornm
433 4259 552 4341 partem
574 4277 628 4344 pro
644 4279 703 4326 unc
726 4277 805 4328 anno
827 4260 946 4346 erigere
960 4261 1161 4346 colligensque
1178 4281 1309 4347 possem
1332 4281 1429 4348 quan·

178 4392 270 4458 quam
293 4391 329 4439 er
348 4372 494 4440 instituta
515 4375 691 4443 collectione
713 4375 753 4442 ad
775 4376 856 4442 hunc
877 4375 959 4444 diem
986 4377 1090 4444 nullus
1113 4379 1222 4445 obulus
1244 4378 1429 4464 provenerit3

179 4509 307 4574 cumque
329 4487 532 4558 nihilominus
554 4490 657 4558 futuro
672 4509 741 4558 vera
764 4490 843 4558 mihi
865 4493 927 4558 stet
949 4491 1071 4560 animus
1086 4494 1249 4560 contactis
1271 4492 1430 4578 qualibus·

1683 3817 1684 3860 i

1681 3865 1684 3920 i

1682 4247 1684 4304 i

1683 4349 1684 4396 i
