3396 5090
799 339 1045 412 -196-

293 535 425 603 vandum
446 537 640 603 vehementer
668 535 758 602 nobis
786 537 910 622 gratum
933 539 989 605 eat
1035 535 1095 605 Sed
1115 538 1149 605 in
1170 538 1228 606 boo
1253 538 1412 626 praecipue
1439 541 1547 608 aten-

293 651 392 720 denda
413 654 462 720 est
482 653 610 720 libertas
633 654 664 719 et
686 653 772 737 quies
794 653 912 732 Italiae
935 653 985 720 cui
1007 656 1037 721 ts
1059 673 1177 740 quoque
1199 655 1360 742 suffragari
1380 675 1436 741 pro
1458 675 1545 725 corn·

293 770 380 838 muni
401 769 538 836 utilitate
560 769 744 836 christianae
766 770 949 855 reipublicae
978 790 1039 838 non
1062 769 1247 840 dubitamus.
1293 772 1409 842 Multos
1438 775 1544 842 autem

165 876 168 886 ’
293 888 330 955 de
344 887 433 954 nobis
448 887 604 954 oblocutos
620 904 695 965 esse,
717 904 830 952 novum
845 886 933 954 nobis
956 905 1018 954 non
1039 889 1101 964 est;
1117 887 1232 972 partim
1249 888 1333 955 enim
1347 889 1545 976 malignitate

293 1003 433 1090 quadam,
455 1001 568 1089 partin
584 1002 619 1068 ut
633 1002 767 1086 augeant
788 1019 824 1068 ac
837 1004 1035 1087 promoveant
1057 1003 1192 1070 actiones
1214 1022 1286 1070 suas
1301 1006 1405 1072 nostro
1420 1005 1545 1073 nomine

292 1120 370 1186 falso
384 1118 477 1185 multi
496 1117 586 1185 abusi
607 1119 680 1184 sunt
702 1119 734 1184 et
754 1118 929 1184 abutuntur.
976 1115 1035 1184 Sed
1057 1118 1156 1185 oritus
1172 1139 1274 1186 rarum
1288 1123 1320 1186 et
1334 1121 1543 1190 conclusiones

291 1235 376 1321 ipsae
398 1234 495 1301 alium
516 1234 551 1300 in
572 1233 661 1301 nobis
683 1233 822 1300 animum
845 1233 1017 1315 ostendunt
1042 1235 1137 1302 salvis
1153 1235 1237 1302 enirn
1259 1236 1386 1304 coeteris
1401 1237 1543 1304 omnibus

290 1370 367 1437 quae
389 1351 429 1418 ad
450 1349 522 1418 boni
537 1348 690 1435 pontificis
705 1349 840 1416 officium
862 1350 1024 1435 pertinent,
1047 1349 1127 1417 nihil
1140 1351 1229 1419 nobis
1251 1352 1389 1419 amicitia
1404 1350 1542 1420 Caesaris

290 1487 426 1554 unquam
456 1467 595 1533 futurum
626 1468 673 1532 est
710 1465 845 1551 matus,
874 1467 954 1552 quod
981 1466 1111 1534 ddectus
1147 1467 1230 1534 lilius
1265 1467 1542 1536 commendatarius

290 1584 415 1651 Ferrara
436 1583 476 1650 ab
497 1582 565 1667 ipso
587 1582 702 1648 missus
730 1601 874 1667 praesens
902 1583 1003 1667 potuit
1024 1600 1211 1668 cognoscere.
1256 1581 1322 1650 Nos
1350 1583 1542 1652 devotionem

291 1703 377 1767 tuam
399 1699 434 1766 in
454 1697 587 1766 Domino
616 1698 775 1764 hortamur
796 1699 833 1764 ut
854 1715 945 1783 agere
966 1699 998 1766 et
1019 1717 1124 1765 curare
1153 1697 1233 1784 apud
1255 1698 1359 1785 ipsum
1381 1698 1542 1767 &marem

290 1815 376 1894 uelis,
399 1815 435 1882 ut
455 1832 532 1899 quae
556 1813 595 1879 ad
617 1832 723 1898 paoem
745 1813 855 1880 Italiae
877 1814 1020 1899 primum,
1052 1813 1160 1882 deinde
1182 1813 1278 1882 totius
1307 1814 1543 1882 christianitatis

289 1931 453 2016 pertinent
482 1929 648 2014 sicutipse
678 1947 767 2013 saepe
789 1929 924 1997 ostendit
945 1931 978 1996 at
998 1931 1153 2014 pollicitus
1181 1931 1238 2010 est
1260 1931 1318 1998 hcc
1345 1931 1543 2016 potissimum

289 2047 425 2132 tempore
445 2047 646 2129 praestentur,
669 2047 705 2110 ut
726 2063 803 2129 quae
818 2045 857 2112 ad
872 2045 957 2112 illius
972 2063 1078 2114 varam
1094 2046 1330 2132 amplitudinem
1344 2046 1541 2132 potissimum

290 2163 321 2229 et
349 2161 389 2227 ad
416 2162 503 2227 tuam
531 2160 625 2226 etiam
656 2159 897 2228 satisfactionem
925 2161 1086 2245 pertinent
1115 2179 1208 2248 quam
1229 2180 1286 2228 nos
1307 2161 1342 2229 in
1369 2160 1541 2248 praecipuis

282 2263 403 2344 ‘nostris
424 2275 661 2361 cogitationibus
683 2277 841 2356 habemns,
863 2294 883 2343 a
904 2276 993 2345 nobis
1006 2277 1128 2362 possint
1149 2277 1277 2345 celerius
1299 2279 1332 2344 st
1353 2278 1464 2346 mohus
1486 2297 1541 2345 ex·

288 2391 394 2479 pediri.
439 2390 527 2459 Sicut
548 2411 583 2458 er
606 2392 709 2477 legato
731 2392 763 2457 ot
784 2391 894 2458 nuncio
916 2393 1030 2460 nostris
1052 2392 1218 2479 intelliges,
1241 2392 1351 2479 quibus
1373 2391 1468 2461 fldem
1481 2393 1541 2460 ba·

289 2508 385 2578 bobis.
428 2509 546 2575 Datum
567 2507 683 2576 Romae
705 2508 761 2574 etc.
790 2505 840 2575 die
861 2506 936 2576 xiiii
959 2507 1137 2576 Decembris
1166 2507 1284 2576 rndnv.
1339 2507 1542 2578 Pontificatus

289 2625 388 2692 noshi
410 2643 489 2692 anno
511 2623 610 2692 tertio.

883 2882 956 2952 151.

820 3046 1014 3110 Caesari.

379 3202 552 3270 Carissimo.
585 3201 743 3268 Adventus
758 3201 862 3268 dilecti
883 3201 941 3268 lilii
962 3201 1215 3270 commendatarii
1229 3203 1351 3270 uenere
1373 3203 1405 3270 et
1418 3201 1542 3270 litterae

290 3320 383 3387 simul
405 3318 577 3386 maiestatis
598 3319 670 3385 tuae
691 3317 736 3382 ita
758 3319 863 3403 gratae
885 3317 974 3384 nobis
997 3319 1028 3384 et
1049 3319 1115 3384 tam
1133 3321 1300 3403 opportuno
1323 3319 1459 3404 tempore
1481 3317 1539 3386 ad·

289 3437 444 3515 venerunt,
459 3435 495 3500 ut
508 3433 588 3499 nibil
602 3433 799 3518 opportunius
814 3433 881 3499 lieri
895 3435 1039 3518 potuerit;
1052 3433 1174 3520 magnis
1189 3435 1271 3500 enim
1287 3435 1423 3502 motibus
1437 3453 1539 3502 rerum

288 3569 342 3636 per
363 3553 433 3617 tuae
456 3549 761 3634 proponentium
782 3550 814 3616 et
837 3551 871 3615 ut
893 3549 1073 3616 confidimus
1095 3551 1245 3635 optimam
1267 3568 1341 3635 erga
1361 3550 1538 3618 libertatem

202 3667 203 3670 ’
288 3669 320 3734 et
341 3685 447 3752 pacem
467 3665 576 3732 Italiae
604 3665 797 3750 quietemque
818 3665 914 3732 totius
936 3665 1170 3732 christianitatis
1193 3665 1391 3745 voluntatem,
1414 3665 1538 3732 consul·

288 3785 356 3848 tum
385 3780 451 3849 erit.
496 3779 583 3861 Quod
611 3783 647 3846 ut
668 3780 820 3848 Dominus
848 3779 932 3846 Deus
963 3798 1019 3846 sua
1039 3779 1247 3847 misericordia
1275 3779 1397 3861 efficiat,
1428 3781 1540 3866 tueque

289 3905 385 3964 sorte⁸
408 3897 499 3963 solita
521 3897 635 3962 virtute
656 3897 687 3962 et
709 3895 886 3981 integritate
909 3894 1040 3975 adiuuet,
1061 3899 1190 3963 eundem
1212 3895 1316 3981 ipsum
1338 3896 1440 3963 Deum
1464 3914 1538 3980 sup-

289 4011 384 4098 plices
406 4012 608 4096 deprecamur.
654 4011 719 4077 Nos
741 4011 775 4077 in
797 4029 899 4078 amore
921 4011 954 4077 et
981 4011 1185 4078 benivolentia
1214 4012 1369 4079 neminem
1397 4011 1457 4079 tibi
1478 4031 1537 4078 un·

290 4147 382 4214 quam
403 4127 604 4214 praeposituri
627 4146 742 4207 sumus,
764 4147 824 4194 nou
846 4127 1023 4194 dubitantes
1045 4127 1120 4212 quin
1141 4129 1176 4194 tu
1191 4127 1297 4194 eodem
1319 4146 1392 4213 erga
1414 4145 1470 4195 nos
1494 4126 1537 4194 sis
1674 4097 1675 4126 ἢ

289 4243 409 4310 baturus
431 4242 542 4311 animo.
587 4243 628 4309 lit
658 4243 800 4329 quoniam
823 4243 860 4310 de
883 4243 933 4309 bis
962 4243 1052 4310 rebus
1081 4243 1121 4309 ad
1142 4242 1269 4310 dilectos
1291 4242 1371 4309 ihos
1400 4243 1537 4328 legatum

289 4361 321 4424 et
342 4359 488 4425 nmeium
509 4361 630 4426 nostros
652 4359 746 4424 latim
768 4359 862 4426 scribi
883 4357 1075 4438 mandamus,
1096 4358 1159 4445 ipsi
1173 4377 1244 4425 oum
1266 4365 1348 4425 ser.te
1368 4361 1423 4424 tua
1444 4359 1538 4443 agent

289 4476 321 4543 et
342 4493 378 4542 oa
398 4474 464 4543 illis
485 4473 579 4543 fidem
600 4493 723 4542 omnem
737 4473 877 4552 hababit;
900 4474 951 4542 hic
964 4493 1035 4543 vero
1058 4493 1165 4544 sumtu
1186 4474 1281 4544 mam
1303 4472 1444 4541 brunus
1466 4491 1537 4541 oum
