3400 5088
773 275 1017 341 -104-

268 483 355 531 suam
377 465 470 532 fidem
499 467 533 532 in
555 487 590 533 eo
620 470 793 536 collocando
825 470 952 536 celerius
981 470 1117 537 divinam
1147 490 1235 554 opem
1258 489 1293 536 ac
1322 469 1517 536 clementiam

265 586 429 670 impetrare
451 588 611 652 mereatur.
656 588 694 652 In
717 608 783 671 quo,
806 608 861 654 nos
884 608 1000 672 quoque
1023 609 1078 654 nec
1099 587 1158 653 tibi
1180 607 1234 653 nee
1257 586 1320 653 filio
1343 589 1395 652 tuo
1418 585 1517 652 deeri-

266 723 344 783 mus,
367 705 572 788 quantumque
594 705 626 770 et
647 705 768 770 nostrae
783 705 862 789 apud
878 706 977 771 Deum
1000 724 1102 788 preces
1125 706 1156 770 et
1171 704 1251 788 apud
1272 704 1423 788 optimum
1439 701 1515 769 an-

267 838 367 885 sarem
390 820 504 885 valebit
527 821 699 900 auctoritas,
722 821 907 886 instabimus
931 822 961 886 et
984 821 1146 886 innitimur
1168 822 1203 885 ut
1222 821 1263 885 sit
1285 820 1343 885 fibi
1365 819 1410 884 tui
1434 819 1517 884 salus

267 955 302 999 ac
324 935 451 1000 libertas
473 936 507 1001 in
529 937 694 1020 pristinum
709 938 809 1004 locum
833 939 983 1005 restituta.
1029 935 1116 1017 Quod
1139 938 1253 1003 maiora
1269 956 1340 1002 cura
1363 939 1394 1002 et
1416 935 1516 1000 studio

266 1051 433 1117 efficiemus
463 1073 555 1137 quarn
585 1053 751 1120 audeamus
780 1075 861 1120 nunc
891 1055 949 1119 tibi
978 1053 1121 1139 polliceri.
1167 1053 1213 1118 Tu
1244 1051 1366 1136 siquid
1395 1072 1461 1117 esse
1483 1051 1517 1116 in

264 1169 354 1233 nobis
377 1169 524 1236 arbitrare
546 1169 626 1254 quod
648 1172 850 1254 opportunum
874 1191 940 1236 esse
963 1171 1061 1255 possit
1084 1169 1123 1234 ad
1145 1171 1233 1236 tuum
1252 1169 1384 1235 dolorem
1408 1187 1516 1233 conso-

265 1284 392 1350 landum
415 1287 506 1370 etque
527 1285 699 1364 levandum,
721 1288 766 1352 ita
788 1288 929 1353 volumus
952 1286 1094 1366 confidas,
1116 1285 1149 1351 id
1172 1287 1271 1351 toturn
1293 1285 1352 1350 tibi
1375 1285 1515 1368 paratum

266 1420 340 1480 esse,
370 1402 405 1466 ut
427 1401 505 1468 nibil
536 1403 633 1468 simus
663 1403 782 1486 gratius
811 1402 955 1481 babituri,
986 1421 1077 1485 quam
1100 1421 1135 1466 ea
1157 1401 1216 1466 tibi
1244 1401 1379 1484 prestare
1408 1399 1515 1476 officia,

266 1536 341 1600 quae
364 1517 535 1584 certissima
550 1539 616 1585 esse
632 1519 808 1584 testimonia
831 1519 951 1602 possint
972 1521 1093 1583 nostrae
1109 1517 1275 1601 singularis
1297 1519 1330 1582 et
1351 1535 1516 1600 propensae

265 1749 371 1816 Martii
394 1750 513 1817 mduxv.
558 1751 646 1817 Anno
671 1750 808 1817 secundo.

831 1866 953 1953 (Foris).

584 1982 673 2048 Anno
697 1982 826 2050 secundo
848 1983 967 2049 mdxxu.
1012 1981 1118 2048 Martii
1139 1983 1195 2048 iiii
1416 2066 1420 2074 Ι

358 2097 453 2162 Matri
474 2097 556 2181 regis
579 2098 831 2165 christianissimi
854 2099 1088 2165 consolatorium
1110 2099 1150 2164 ab
1173 2098 1272 2164 filium
1295 2097 1365 2180 capt
1419 2149 1425 2162 .

865 2405 917 2472 73.

353 2563 471 2629 Dilecta
493 2564 547 2630 fili.
555 2563 580 2651 ¹)
627 2561 793 2644 Querentes
816 2565 849 2629 in
864 2565 1006 2630 omnibus
1029 2564 1152 2648 quidem
1175 2564 1352 2630 christianis
1376 2564 1428 2630 sed
1442 2583 1512 2648 pre·

264 2678 350 2763 cipue
372 2679 531 2747 innostro
553 2684 584 2747 et
602 2680 732 2747 Sanctae
745 2682 901 2748 Romanae
916 2681 1067 2747 Ecclesiae
1090 2682 1173 2747 statu
1196 2701 1301 2766 pacem
1325 2679 1513 2746 subditorum

265 2814 300 2860 ac
321 2796 401 2861 inter
429 2796 512 2880 ipsos
541 2797 798 2880 tranquillitatem
824 2799 856 2864 et
878 2799 912 2862 ut
941 2797 1082 2863 omnibus
1112 2797 1296 2863 tumultibus
1326 2796 1441 2880 rapinis
1463 2796 1513 2862 in·

264 2910 352 2976 iuriis
376 2911 575 2978 seditionibus
599 2913 648 2978 via
664 2913 864 2996 precludatur,
887 2932 922 2978 ac
945 2913 1153 2997 intelligentes
1168 2914 1313 2979 dilectum
1336 2913 1435 2978 lilium
1456 2931 1513 2978 no·

264 3026 360 3092 bilem
369 3029 469 3094 virum
478 3029 645 3094 Ascanium
660 3027 840 3094 Columnam
856 3029 991 3113 aliosque
1005 3030 1168 3094 nonnullos
1184 3029 1359 3095 domicellos
1374 3046 1514 3094 romanos

265 3162 335 3208 cum
358 3145 544 3209 armatorum
567 3144 662 3227 copiis
677 3164 731 3228 per
746 3145 847 3228 aliqua
871 3146 970 3210 status
993 3145 1191 3210 ecclesiastici
1213 3147 1279 3210 loca
1301 3145 1359 3210 iter
1382 3145 1514 3210 factuos

265 3279 300 3324 ao
315 3259 443 3325 forsitan
465 3281 518 3344 per
534 3263 629 3325 terras
652 3261 683 3325 et
701 3260 810 3344 oppida
826 3260 1005 3326 dilectorum
1020 3261 1155 3328 filiorum
1169 3260 1352 3328 Ursinorum
1368 3261 1515 3326 stationes

265 3377 296 3440 et
318 3393 419 3441 moras
441 3375 609 3456 babituros,
631 3375 665 3441 in
687 3396 745 3461 quo
768 3395 916 3461 magnum
939 3377 1037 3460 possit
1059 3377 1192 3443 accidere
1214 3376 1391 3462 periculum,
1414 3396 1452 3442 ne
1474 3377 1514 3442 ob

264 3493 381 3557 vetares
410 3493 628 3558 aemulationes
658 3492 697 3558 ad
726 3493 813 3559 cedes
843 3493 985 3576 utrinque
1014 3495 1045 3558 et
1074 3511 1160 3558 arma
1188 3493 1328 3559 veniatur
1350 3513 1385 3558 ac
1415 3493 1514 3558 status

265 3607 486 3673 ecclesiasticus
509 3609 715 3691 perturbetur;
745 3610 795 3687 Te,
820 3609 856 3674 de
879 3609 964 3674 cuins
987 3608 1047 3674 fide
1069 3611 1100 3674 et
1129 3608 1291 3692 diligentia
1312 3609 1425 3674 bonam
1447 3607 1513 3691 opi-

264 3723 387 3789 nionem
403 3726 551 3803 tenemus,
574 3725 818 3792 commissarium
841 3725 1012 3808 peremnia
1033 3725 1099 3790 loca
1121 3725 1152 3789 et
1167 3726 1263 3789 terras
1286 3723 1435 3789 dictorum
1451 3722 1513 3788 Ur-

265 3839 400 3904 sinorum
431 3841 533 3906 tenore
561 3842 748 3925 presentium
777 3841 907 3906 facimus
937 3840 1152 3906 constituimus
1176 3841 1207 3907 et
1237 3840 1428 3924 deputamus,
1457 3838 1515 3904 tibi

264 3955 459 4039 iniungentes
482 3959 517 4022 ut
538 3957 720 4041 ubicumque
744 3977 819 4040 opus
843 3957 885 4022 sit
903 3956 983 4040 apud
1006 3955 1122 4021 dictum
1145 3955 1312 4022 Ascanium
1335 3953 1515 4021 Columnam

266 4071 400 4156 aliosque
423 4071 488 4138 eius
503 4073 618 4138 amicos
640 4075 672 4138 et
686 4072 865 4140 adherentes
880 4072 996 4138 instare
1011 4074 1114 4138 nostro
1137 4073 1260 4138 nomina
1283 4070 1414 4150 studeas,
1437 4089 1513 4155 qua-

361 4341 378 4400 l)
397 4341 469 4389 Decet
486 4342 598 4391 indicatio
616 4345 729 4400 nominis;
748 4344 788 4391 sed
807 4342 908 4403 epistola
926 4343 983 4390 data
1001 4342 1093 4390 ridetur
1111 4341 1277 4390 commissam
1290 4355 1304 4389 ι
1315 4341 1425 4402 pontifico
1442 4342 1514 4389 norni-

266 4440 329 4490 natis
347 4453 389 4500 pro
403 4440 490 4487 tuenda
507 4453 565 4501 pace
577 4443 602 4488 et
619 4441 793 4500 tranquillitate
806 4441 952 4488 subditorum
970 4441 995 4488 in
1013 4439 1115 4490 motibus
1128 4437 1314 4488 columnensium
1333 4441 1358 4488 et
1371 4439 1514 4488 Ursinorunr.
