3380 5088
788 349 1033 420 ...244-

282 551 436 636 raverunt,
459 567 556 639 neque
579 549 613 618 nt
642 551 768 637 apparet
790 551 863 617 sunt
891 550 1047 618 servaturi
1094 550 1152 620 His
1174 547 1272 636 pactis
1301 547 1530 634 conditionibus

282 673 337 739 illa
359 673 491 757 procella
514 669 628 736 summi
650 669 777 752 periculi
799 670 867 735 tum
889 669 1018 734 anobis
1040 668 1167 752 depulsa
1188 671 1244 750 est,
1268 670 1321 736 ssd
1343 671 1408 737 tam
1431 671 1530 738 subito

280 790 311 854 et
332 787 486 871 insperato
508 784 699 852 incommodo
722 784 883 850 consilium
905 786 1028 850 nostrae
1049 784 1243 868 profectionis
1267 787 1423 852 sublatum
1438 787 1528 853 uide·

280 905 378 982 batur,
393 902 641 969 dissuadentibus
663 900 726 966 fero
741 900 882 966 omnibus
898 903 932 966 ut
948 901 986 965 ab
1002 899 1111 966 itinere
1125 900 1351 983 desisteremus,
1373 903 1529 989 quodiam
1653 935 1654 946 2

278 1021 398 1086 nullam
413 1019 589 1085 habiturum
612 1019 694 1083 esset
708 1015 899 1101 dignitatem,
922 1036 978 1082 nec
992 1017 1090 1101 optati
1105 1017 1203 1083 exitus
1225 1017 1310 1101 pacis
1324 1018 1528 1086 conciliandae
1653 1103 1654 1106 Ἴ

278 1137 420 1220 gratiam
467 1133 615 1200 Stetimus
644 1133 740 1218 igitur
769 1132 917 1216 ancipites
946 1131 988 1199 et
1007 1133 1200 1199 vehementer
1231 1134 1317 1200 dubii
1346 1135 1528 1219 quidnobis

278 1252 360 1318 esset
381 1249 542 1336 agendum.
588 1248 671 1316 Haec
699 1249 903 1336 linquere,uti
933 1251 1020 1316 erent
1043 1251 1087 1314 sic
1115 1251 1238 1315 turbata
1260 1269 1368 1333 parum
1391 1253 1526 1333 cautum
1653 1245 1654 1264 ³

279 1367 318 1432 ad
341 1365 558 1433 conficiendam
580 1383 686 1449 pacem
709 1384 771 1431 non
793 1365 932 1431 accedere
960 1383 1070 1449 parum
1091 1365 1178 1448 pium
1200 1365 1374 1442 ridebatnr;
1404 1385 1475 1433 cum
1496 1387 1527 1432 rc
1653 1449 1654 1452 Ἴ

277 1483 375 1548 denuo
390 1502 461 1548 cunr
476 1485 603 1548 rene.bus
619 1481 765 1546 fratribus
780 1482 894 1546 nostris
910 1481 1141 1560 communicata,
1156 1481 1213 1546 hoo
1228 1481 1389 1547 consilium
1405 1484 1526 1565 captum

155 1627 158 1633 ·
277 1599 332 1678 est
356 1600 391 1664 ut
412 1597 604 1664 mitteremus
628 1597 667 1663 ad
689 1616 794 1663 omnes
817 1614 903 1680 reges
926 1614 1019 1661 novos
1034 1596 1168 1677 nuncios,
1192 1597 1245 1681 qui
1266 1599 1298 1662 ct
1319 1598 1526 1664 calamitatem

274 1715 363 1800 regni
377 1713 532 1800 ngariae
547 1715 579 1779 et
592 1711 805 1778 necessitatem
820 1712 904 1794 pacis
926 1714 957 1777 et
972 1713 1110 1777 nostrum
1126 1732 1243 1796 quoquc
1257 1716 1408 1779 recentem
1423 1733 1526 1779 casum
1653 1707 1654 1758 ἶ

276 1823 500 1918 significarent;
523 1849 559 1896 ac
582 1829 610 1894 si
632 1828 809 1895 coeuntibus
832 1847 935 1894 eorum
959 1829 998 1893 ad
1012 1847 1117 1912 paoem
1140 1830 1171 1894 ot
1194 1829 1329 1895 surdum
1352 1829 1525 1896 concordiae
1653 1863 1654 1908 ῃ

275 1947 485 2014 voluntatibus
508 1945 619 2030 aliquis
635 1945 798 2030 eligeretur
819 1945 903 2010 locus
918 1943 951 2008 in
967 1963 1025 2027 quo
1049 1945 1115 2010 fieri
1132 1963 1292 2012 summme
1307 1963 1413 2030 regum
1429 1947 1524 2012 collo·

274 2064 381 2148 quium
401 2063 484 2128 inter
505 2061 588 2144 ipsos
603 2063 714 2144 posset,
737 2063 858 2128 nosmet
872 2060 1086 2126 denuntiarent
1102 2059 1140 2126 ad
1163 2060 1241 2126 illud
1256 2062 1439 2146 colloquium
1458 2081 1524 2130 esse

274 2181 425 2256 venturos,
448 2196 482 2243 ac
505 2177 560 2242 alii
575 2177 614 2242 ad
636 2177 713 2242 alios
728 2175 876 2242 destinati
898 2177 977 2242 sunt.
1023 2175 1071 2248 Ad
1094 2177 1209 2242 tarem
1232 2177 1276 2241 tili
1292 2177 1450 2242 mussime
1464 2195 1525 2243 non

274 2295 437 2361 habuimus
460 2293 658 2360 dexteriorem
680 2292 905 2376 prudentiorem
936 2292 1081 2357 nuncium
1104 2311 1194 2378 quem
1217 2294 1408 2358 mitteremus
1431 2312 1522 2377 quam

273 2415 361 2477 tuum
383 2410 482 2494 ipsius
504 2411 669 2489 oratorem,
699 2408 784 2474 euius
807 2408 891 2473 omni
919 2408 976 2473 hoc
1006 2411 1140 2491 tempore
1170 2427 1291 2473 summa
1313 2427 1386 2494 erga
1416 2427 1471 2474 nos
1493 2412 1523 2475 ot

273 2528 353 2592 hanc
374 2524 519 2592 Sanctam
535 2525 644 2591 Sedem
667 2523 768 2590 officia
782 2525 955 2602 ertitoumt
977 2523 1031 2590 ille
1045 2524 1136 2602 onim,
1152 2525 1236 2590 nullo
1258 2525 1361 2591 labore
1379 2527 1523 2604 recusato,

273 2660 363 2725 saepo
384 2641 465 2707 inter
488 2659 543 2706 nos
567 2643 598 2706 et
621 2641 761 2725 Ugonem
783 2640 846 2705 iam
869 2638 1001 2717 dictum,
1031 2659 1102 2705 cum
1124 2658 1179 2705 nec
1200 2639 1374 2724 gladiorum
1404 2659 1458 2706 nec
1480 2641 1520 2705 li-

272 2758 389 2823 centiae
411 2757 556 2823 militaris
585 2757 754 2841 pericnlum
777 2755 856 2840 quod
878 2756 927 2820 ilii
949 2757 987 2821 ab
1017 2755 1135 2839 cupidis
1158 2755 1286 2839 praedae
1309 2757 1341 2822 et
1363 2757 1521 2840 sanguinis

272 2873 426 2940 militibus
448 2873 631 2938 imminebat
653 2871 738 2937 illins
761 2871 908 2954 pietatem
929 2872 961 2936 et
982 2889 1105 2955 operam
1134 2871 1310 2952 retardarat,
1339 2873 1424 2938 omni
1447 2873 1519 2938 soli-

272 2989 406 3055 citudine
428 2989 512 3055 omni
535 2987 635 3054 studio
658 2989 689 3052 et
703 3005 793 3070 opera
815 2989 941 3052 conatus
963 2988 1019 3066 cst,
1042 2990 1077 3053 ut
1098 2989 1128 3053 et
1143 2988 1267 3054 illorum
1290 2989 1443 3055 crudelem
1458 2990 1520 3054 rim

272 3105 438 3190 mitigaret
461 3107 492 3171 et
514 3122 569 3170 nos
592 3103 631 3169 ad
653 3103 903 3186 compositionem
926 3121 995 3168 cum
1016 3103 1080 3169 illis
1103 3103 1273 3182 adduceret,
1302 3104 1520 3189 unquentum

272 3221 436 3286 debeamus
452 3221 501 3286 vix
516 3239 679 3304 possumus
701 3219 865 3303 explicare;
889 3223 968 3286 certe
983 3219 1045 3285 nisi
1058 3219 1124 3286 cius
1138 3221 1290 3285 industria
1312 3222 1344 3285 et
1357 3221 1521 3286 auctoritas

270 3337 501 3416 intercessisset
532 3335 653 3423 aliquod
676 3337 777 3402 maius
807 3335 925 3402 malum
948 3337 1002 3402 illo
1025 3336 1074 3402 die
1097 3337 1206 3402 fuisset
1233 3339 1397 3420 patratum.
1444 3335 1519 3402 Cum

270 3452 366 3537 igitur
389 3455 420 3517 et
441 3452 531 3518 testis
561 3452 661 3518 tidelis
684 3455 715 3517 et
744 3452 876 3535 prudens
906 3451 1077 3535 explicitur,
1107 3453 1138 3517 et
1160 3453 1276 3535 optima
1298 3453 1400 3518 mento
1430 3457 1519 3537 atquo

271 3569 373 3634 animo
395 3569 428 3634 in
444 3567 559 3635 Christi
581 3587 646 3635 rem
661 3568 818 3652 praeditus
841 3569 962 3634 anobis
986 3571 1067 3634 esset
1082 3569 1240 3647 iudicatus,
1264 3587 1334 3634 eum
1350 3569 1383 3634 in
1406 3573 1518 3635 socrate

270 3685 448 3752 consistorio
478 3686 625 3751 iussimus
655 3685 873 3764 introductae
902 3684 992 3750 illum
1021 3684 1166 3750 obtestati
1189 3703 1296 3750 sumus
1325 3687 1360 3750 ut
1381 3685 1441 3751 iter
1463 3687 1519 3752 boc

269 3803 474 3868 necessarium
496 3801 535 3867 ad
558 3804 588 3866 tc
610 3820 665 3885 pro
688 3801 855 3867 christiana
869 3801 1023 3884 republica
1045 3803 1076 3866 et
1097 3801 1156 3866 Dei
1177 3801 1288 3885 optimi
1309 3801 1436 3867 maximi
1452 3803 1518 3880 fide,

268 3939 304 3984 ac
326 3938 380 4003 pro
403 3919 508 3985 nostra
530 3917 681 4004 dignitate
705 3918 877 4000 susciperet
905 3935 996 4001 quarn
1024 3917 1192 4000 petitioneu
1221 3919 1358 3984 nostram
1380 3919 1518 3984 omnium

269 4039 408 4102 vene.lium
426 4035 557 4101 fratrum
580 4038 751 4101 nostrorum
775 4053 877 4118 preces
901 4037 972 4099 sunt
995 4035 1180 4114 subsecutae,
1204 4037 1294 4118 atque
1317 4035 1390 4118 ipse,
1414 4038 1449 4101 ut
1471 4039 1518 4101 est

268 4155 301 4220 in
323 4153 408 4220 omni
422 4153 472 4236 pio
494 4152 597 4218 labore
611 4151 868 4236 promptissimus,
891 4151 950 4216 etsi
973 4151 1077 4217 durius
1094 4153 1285 4235 aliquantum
1307 4152 1436 4217 ducebat
1452 4152 1516 4219 sino

268 4275 319 4339 tuo
341 4271 428 4336 iussu
451 4289 470 4336 a
491 4271 545 4336 tua
574 4269 725 4354 legatione
748 4266 908 4347 discedere
937 4269 1041 4333 tamen
1070 4269 1157 4334 tanto
1182 4286 1331 4334 consensu
1359 4270 1464 4334 nostro
1486 4271 1517 4334 et

267 4391 391 4454 senatus
415 4387 573 4472 apostolici
597 4388 704 4466 victus,
727 4405 762 4452 ac
784 4384 898 4468 optime
920 4385 1099 4452 existimans
1123 4385 1280 4452 serenitati
1302 4387 1372 4452 tuae
1394 4402 1448 4468 pro
1464 4387 1516 4451 tuo

267 4505 376 4572 eximio
400 4505 501 4569 annno
517 4505 550 4570 in
573 4523 636 4570 rem
653 4505 767 4570 Christi
790 4506 820 4570 et
842 4507 1005 4588 publicam,
1029 4506 1061 4571 id
1075 4525 1135 4572 nou
1152 4509 1250 4572 solum
1273 4509 1442 4590 probatum,
1463 4507 1515 4572 sed
