3400 5088
804 327 1048 393 -106-—

300 520 396 586 vitem
418 521 451 586 et
482 521 612 587 sulutem
646 540 749 587 eorum
773 522 884 588 attinet
913 521 1053 606 eripimus
1082 521 1255 588 consultum
1278 541 1352 588 esse.
1360 518 1385 607 1)
1430 520 1497 588 Nos
1520 523 1552 588 et

299 655 369 701 oum
398 637 514 720 profete
544 637 619 702 duee
648 657 682 703 eo
704 637 756 704 dil.
781 638 810 704 ii.
833 637 880 704 Jo.
903 637 1117 704 Bartholomeo
1147 637 1184 704 de
1207 611 1380 704 Germana
1402 637 1552 704 caesareis

298 754 468 820 oratoribus
500 753 633 837 quotidie
662 753 790 819 oonsilio
818 754 1000 820 conferimus
1028 774 1082 837 per
1104 773 1181 839 quue
1209 757 1314 820 nostre
1336 773 1412 837 quae
1434 755 1550 837 optima

301 889 420 952 semper
442 869 502 935 fuit
516 869 549 935 in
564 869 724 936 Caesarem
747 870 888 936 voluntas
910 870 999 936 fsoile
1014 871 1153 954 eognosoi
1176 870 1282 954 possib
1305 872 1336 934 et
1357 869 1394 936 de
1409 869 1552 936 omnibus

299 985 349 1048 his
365 985 455 1050 rebus
478 1003 553 1069 ques
576 986 664 1050 nobis
680 986 897 1070 significandas
920 986 1035 1052 curasti
1058 985 1230 1070 suprudieto
1246 985 1432 1052 Bemerdino
1455 986 1550 1051 eleeto

300 1100 456 1165 Cesulensi
472 1101 618 1166 mandute
639 1101 679 1167 ud
694 1103 724 1167 te
739 1101 878 1167 dedimus
901 1102 994 1168 letius
1017 1103 1118 1168 tenum
1133 1102 1392 1180 eommunioendu‚
1414 1101 1463 1166 oui
1477 1119 1549 1185 pro·

298 1215 417 1299 pediem
440 1216 665 1283 adinventum
688 1217 780 1283 fidem
794 1237 917 1284 ornnem
939 1219 1050 1284 hebere
1065 1219 1186 1303 poteris.
1232 1219 1346 1284 Datum
1362 1219 1477 1284 Romae
1492 1219 1548 1282 eto.

298 1330 347 1396 die
371 1331 420 1396 vii.
444 1331 550 1398 Martii
571 1332 689 1399 mdxrr.
734 1334 823 1401 Anno
846 1333 984 1400 seeundo.

864 1475 987 1564 (Foris).

619 1593 708 1658 Anno
732 1593 862 1659 seeundo
885 1593 1003 1660 mdrrv.
1038 1593 1154 1658 'Martii
1178 1593 1228 1659 vii

853 1709 1001 1798 Vioeregi.

899 2035 949 2101 75.

827 2199 1021 2262 Caesari

386 2353 549 2419 Carissimo
579 2357 635 2420 eto.
681 2355 748 2421 nesi
778 2355 885 2422 diebus
916 2357 1120 2440 superioribus
1150 2377 1218 2421 enm
1249 2355 1364 2420 bellum
1394 2355 1427 2420 in
1457 2353 1548 2418 ltelie

296 2470 427 2534 maxime
450 2469 568 2534 arderet
583 2489 646 2549 nos,
662 2471 842 2538 miserentes
865 2472 973 2538 duram
987 2472 1078 2536 huius
1101 2471 1310 2537 nobilissimae
1326 2468 1457 2554 regionis
1472 2489 1546 2533 eon-

294 2583 441 2650 ditionom
464 2605 499 2650 ao
520 2586 609 2670 gregi
631 2588 734 2651 nostro
756 2587 866 2653 dileoto
881 2584 1029 2674 postorali
1042 2607 1114 2654 oure
1136 2588 1244 2665 effoeti,
1267 2586 1327 2651 elie
1350 2584 1481 2670 quadum
1499 2584 1547 2648 viu

295 2699 334 2765 ud
356 2720 548 2766 communem
570 2721 674 2785 paoem
699 2703 906 2781 tendebamus
929 2705 1117 2788 sublatisque
1140 2705 1219 2770 inter·
1243 2702 1436 2768 serenitatem
1460 2703 1545 2764 tuam

295 2817 327 2881 et
341 2836 444 2899 rogem
459 2817 643 2884 mensorum
659 2817 855 2884 dissidiorum
871 2820 981 2898 oensis,
996 2820 1186 2886 concordiem
1202 2817 1418 2893 suadebemus3
1441 2817 1545 2880 temen

295 2933 457 3016 postquem
479 2933 543 2999 Deo
573 2934 774 3018 omnipotenti
804 2935 888 3000 eliud
912 2937 1012 3002 visum
1034 2938 1090 3014 est,
1121 2937 1211 3020 etque
1240 2935 1305 3000 eius
1328 2933 1405 2998 nutu
1427 2951 1462 2996 uo
1485 2951 1543 2995 nu-

295 3048 386 3126 mine,
408 3067 495 3114 neme
516 3069 577 3116 non
599 3069 652 3134 per
681 3051 930 3134 compositionem
960 3051 1089 3118 dimissu
1112 3054 1198 3128 eunt,
1229 3051 1281 3116 sed
1304 3069 1356 3132 per
1387 3046 1544 3112 victoriam

297 3162 449 3243 detrectu3
471 3166 504 3231 id
526 3166 606 3249 quod
629 3167 738 3245 evenit,
767 3167 904 3232 evenisso
933 3187 988 3234 nos
1011 3166 1133 3251 quidem
1163 3168 1313 3232 laetamur
1343 3168 1377 3230 ut
1399 3163 1438 3230 ad
1460 3162 1544 3228 erbi-

295 3279 388 3346 trium
411 3281 443 3346 et
464 3280 686 3366 prouidentiam
708 3283 794 3348 tuem
809 3303 880 3348 eum
902 3302 1015 3368 magna
1037 3287 1090 3349 tua
1105 3282 1202 3368 glorie
1225 3283 1304 3347 bello
1327 3280 1456 3346 feliciter
1470 3297 1544 3344 eon-

294 3395 379 3472 fece,
402 3395 469 3480 ipso
492 3397 652 3462 Frnnoiseo
675 3395 834 3464 Gallorum
865 3416 935 3484 rege
958 3400 1045 3482 capto
1068 3401 1099 3464 et
1122 3398 1155 3464 in
1177 3401 1298 3464 tuorum
1322 3397 1433 3462 dueum
1456 3396 1542 3478 pote-

294 3511 406 3578 statem
430 3511 557 3591 rodesto,
581 3513 691 3578 salutis
714 3513 745 3579 et
774 3514 886 3598 quietis
908 3516 1046 3582 omnium
1070 3533 1197 3600 speses
1220 3514 1297 3579 ratio
1320 3512 1422 3578 delete
1444 3509 1545 3576 fuerit·

387 3798 402 3856 ¹1
424 3801 510 3848 Addits
527 3805 593 3849 erent
613 3803 736 3859 sequentis
754 3803 823 3850 serbe
841 3803 924 3862 postes
941 3803 1027 3850 emisse
1039 3805 1065 3851 et
1081 3803 1144 3850 lines
1163 3801 1313 3849 trunssorseli
1331 3801 1438 3857 sirmis:
1456 3797 1542 3854 ,Tran-

293 3898 353 3945 silns
372 3911 426 3946 rere
444 3899 480 3946 tul
498 3899 594 3946 sletoris
618 3901 733 3948 exereitus
751 3913 791 3960 per
809 3901 860 3948 loce
878 3901 947 3948 nobis
963 3903 989 3948 ot
1006 3899 1060 3948 Sodi
1083 3900 1226 3960 spostolinee
1244 3899 1349 3946 subieetn
1367 3897 1469 3955 aliquem
1489 3897 1542 3944 sub·

292 3995 350 4042 ditis
374 3997 463 4046 newis
487 3997 569 4046 nlierre
595 4001 676 4058 posset
693 3999 754 4046 torte
779 3999 978 4058 perturbationem
1001 4013 1061 4056 quse
1079 3999 1146 4048 nobie
1171 3997 1287 4046 eooideret
1311 3995 1483 4052 molestissime,
1502 3995 1542 4050 qui

292 4093 353 4142 hene
370 4095 512 4144 serenissimi
530 4097 556 4144 et
573 4097 641 4144 nobis
658 4098 682 4142 iu
696 4097 757 4144 omui
770 4109 848 4144 emere
865 4097 1048 4145 coniunctissimi
1062 4097 1167 4144 caeseris
1181 4096 1300 4144 siotorism
1313 4107 1433 4154 speremus
1452 4095 1477 4142 et
1488 4106 1541 4138 eou-

293 4192 385 4240 ddimns
403 4194 471 4242 nobis
487 4194 587 4253 letitiae,
606 4195 726 4242 universae
738 4194 909 4242 christianitati
927 4196 992 4254 penis
1010 4199 1036 4242 ot
1054 4193 1236 4251 tranquillitatis
1254 4195 1346 4253 pleneus
1367 4194 1422 4239 lore.
1460 4191 1542 4248 linque

292 4289 364 4338 lenies
381 4291 449 4338 nobis
467 4293 626 4347 milesimum
645 4293 665 4339 si
684 4293 713 4340 nb
726 4292 770 4339 lnoe
787 4294 881 4340 ornnino
899 4292 996 4339 oonsilio
1008 4289 1053 4340 hoe
1070 4295 1174 4350 ternpore
1192 4289 1320 4340 destiteris.
1359 4291 1417 4337 Nom
1430 4289 1487 4346 qum
1501 4301 1542 4335 noe

292 4399 371 4438 omnes
389 4389 504 4437 tumultus
522 4391 547 4438 ei
564 4389 678 4438 ositiones
696 4391 838 4437 ermetomnr
856 4389 881 4436 ln
899 4391 952 4437 bots
961 4387 1059 4437 Serretes
1072 4389 1191 4438 Bonnense
1203 4389 1318 4437 Iieelesise
1330 4387 1420 4435 ditione
1437 4385 1542 4434 divulsos

290 4489 317 4535 et
333 4487 439 4536 senune·
455 4487 554 4538 velinnns
570 4488 665 4535 dnblnrn
683 4487 729 4536 tibl
747 4499 794 4535 non
812 4489 871 4534 slt‘.
