3346 5084
782 369 1027 439 -466..

365 566 473 633 Coram
497 565 660 652 magnifico
683 585 718 632 ac
740 567 911 634 clarissimo
941 565 1064 633 domiuo
1085 567 1236 652 potestate
1265 567 1297 632 et
1319 566 1522 634 commissario

274 701 310 749 ac
332 684 487 750 executore
516 681 668 749 antedicto
696 683 819 751 sedente
842 703 896 767 010
926 681 1074 748 tribunali
1095 681 1128 746 in
1150 681 1274 749 civitate
1303 683 1465 750 Ravennae
1492 683 1521 750 in

273 798 363 864 domo
385 818 409 864 r.
433 798 462 864 d.
484 798 660 882 Aquilantis
683 798 720 864 de
743 796 958 864 Salamonibus
980 797 1117 863 canonici
1140 798 1262 863 0000100
1285 797 1521 869 Ravennateusis

273 913 417 980 ecclesiae
438 914 471 979 iu
486 933 606 980 camera
620 913 757 980 inferiori
779 915 848 998 0001
863 913 1024 980 introitum
1040 931 1058 977 a
1073 913 1168 978 latere
1183 912 1296 990 dextro,
1319 932 1410 998 quem
1425 914 1519 980 locum

272 1029 530 1114 magnificientiae
546 1049 617 1097 0006
632 1028 1027 1115 01010111001110111110011,
1050 1029 1081 1094 et
1096 1046 1150 1111 pro
1165 1027 1293 1094 iuridico
1308 1027 1415 1094 haberi
1431 1028 1520 1094 voluit
1547 1122 1550 1130 ,

272 1146 304 1211 et
326 1143 484 1211 mundavit
498 1144 597 1229 quoad
611 1145 715 1211 011110
737 1145 771 1211 11
786 1144 920 1229 presenti
935 1143 1086 1210 delatione
1101 1143 1266 1210 iuramenti
1283 1142 1436 1210 deferendi
1452 1162 1517 1229 016-

271 1259 335 1327 fato
358 1259 386 1326 d
408 1260 577 1344 Aquilanti,
600 1262 630 1326 et
653 1261 718 1327 eius
741 1279 875 1340 examen
891 1259 1036 1344 adquam
1059 1260 1159 1325 locum
1174 1258 1432 1343 magnificientiae
1451 1278 1519 1326 suae

270 1374 400 1441 accessit
420 1377 543 1461 0100161
563 1375 780 1461 grauissimam
802 1375 1016 1442 infirmitatem
1037 1375 1069 1440 et
1095 1373 1311 1459 decrepitatem
1333 1374 1445 1458 prelati
1466 1375 1518 1442 do·

271 1490 348 1555 mini
377 1491 553 1578 Aquilentis
582 1491 752 1575 comparuit
774 1511 797 1557 r.
820 1490 849 1556 d.
872 1489 1006 1556 Joannes
1029 1491 1141 1556 Petrus
1163 1489 1320 1555 Ferrettus
1349 1491 1520 1573 0100010101

270 1604 442 1672 antedictus
464 1607 496 1672 et
510 1606 590 1673 dieto
606 1607 729 1673 nomine
751 1606 850 1690 primo
864 1606 896 1672 et
917 1607 988 1672 ante
1011 1605 1114 1671 omnia
1129 1605 1284 1674 accusavit
1300 1605 1519 1672 contumaciam

268 1721 386 1789 domini
415 1721 536 1788 Nicolai
558 1720 695 1789 Oodecha
724 1721 835 1788 asserti
856 1721 1058 1806 procuratoris
1080 1719 1125 1786 ill.
1148 1718 1177 1786 d.
1200 1719 1352 1803 Alphonsi
1373 1720 1519 1804 presentis
1654 1819 1655 1822 Ἴ

268 1837 354 1902 10610
377 1838 532 1903 Ferrarius
554 1838 664 1904 moniti
686 1856 740 1922 pro
755 1837 813 1902 hac
828 1836 877 1902 die
892 1837 923 1902 et
945 1837 1020 1902 hora
1041 1835 1075 1900 in
1090 1835 1171 1902 dicto
1187 1836 1252 1902 loco
1275 1835 1314 1902 ad
1336 1835 1517 1902 interessen-

267 1952 341 2019 dum
363 1953 534 2020 iuramento
557 1952 716 2020 deferendo
739 1953 856 2038 prelato
879 1951 1001 2019 domiuo
1017 1951 1178 2035 Aquilanti
1202 1969 1292 2034 super
1314 1951 1517 2036 recognitione

267 2070 300 2134 et
321 2068 393 2134 aliis
416 2068 562 2148 deductis,
585 2071 616 2134 et
632 2069 774 2153 allegatis
789 2068 823 2133 iu
838 2085 930 2133 causa
952 2084 1014 2132 non
1036 2067 1249 2149 comparentis,
1273 2067 1304 2132 et
1318 2066 1351 2132 in
1366 2065 1432 2132 6100
1447 2085 1517 2134 cou-

267 2184 402 2249 10010010
424 2182 544 2249 induxit
565 2184 599 2249 in
621 2185 732 2250 testem
755 2182 908 2266 prefatum
930 2203 952 2248 1.
973 2181 1001 2247 d
1024 2182 1222 2266 Aquilantem
1246 2181 1283 2246 de
1306 2180 1519 2248 Salamonibus
1654 2189 1655 2270 ᾗ

269 2298 448 2366 canonicum
471 2299 659 2365 misdictum
681 2300 862 2384 presentem,
884 2299 915 2364 et
937 2297 1071 2383 grauiter
1101 2297 1259 2364 infirmum
1280 2299 1312 2364 61
1334 2296 1519 2381 decrepitum

268 2415 318 2482 oui
346 2415 457 2482 deferri
484 2414 574 2498 petiit
601 2415 809 2481 iuramentum
831 2412 868 2480 de
891 2414 1020 2480 ueritate
1049 2413 1176 2480 dicenda
1206 2431 1294 2496 super
1324 2412 1468 2496 capitulis
1490 2415 1520 2479 et
1654 2437 1655 2476 1

267 2529 338 2596 aliis
360 2530 497 2596 deductis
512 2548 566 2615 pro
581 2531 666 2613 parte
690 2549 713 2595 s.
730 2528 847 2594 domini
869 2528 967 2594 nostri
988 2530 1019 2595 et
1035 2529 1119 2594 omni
1142 2528 1202 2595 alio
1225 2528 1345 2594 meliori
1359 2528 1449 2595 modo
1464 2529 1520 2595 etc.

356 2645 524 2730 Eidemque
546 2645 625 2712 dom.
650 2645 811 2729 Aquilenti
834 2643 954 2710 ostendi
977 2643 1081 2724 libros,
1103 2647 1135 2710 et
1155 2644 1258 2710 bullas
1280 2644 1311 2708 et
1335 2644 1397 2710 alia
1415 2643 1520 2712 muni-

268 2763 373 2828 menta
394 2761 493 2846 ipsius
508 2779 617 2826 600006
632 2762 665 2826 61
679 2758 808 2825 eundem
823 2759 1006 2842 interrogari
1023 2779 1111 2843 super
1126 2758 1301 2826 documenti
1315 2759 1523 2844 recognitione
1654 2769 1655 2830 l

266 2877 351 2942 omni
373 2876 494 2944 meliori
515 2875 604 2942 modo
627 2877 682 2942 etc.

354 2988 416 3070 Qui
429 2991 612 3075 magnificus
627 2990 655 3056 11.
671 2992 808 3075 00100100
830 2993 861 3056 61
876 2991 1106 3058 commissarius
1130 2995 1164 3058 ut
1187 3011 1278 3077 00010
1301 3011 1354 3076 010
1370 2992 1523 3060 tribunali

266 3105 373 3172 sedens
388 3106 464 3172 uisis
486 3110 518 3172 61
532 3105 646 3173 auditis
669 3106 804 3191 prefatis,
827 3108 859 3172 et
874 3107 940 3174 visa
962 3107 1153 3173 contumacia
1168 3106 1243 3172 dicti
1265 3107 1382 3174 domini
1396 3107 1525 3176 Nicolai

263 3221 465 3305 procuratoris
481 3221 635 3301 antedicti
658 3225 689 3289 et
703 3222 846 3288 omnibus
860 3221 931 3288 aliie
950 3221 1148 3289 consideratis
1164 3222 1416 3290 considerandum
1430 3223 1523 3290 iura-

263 3338 402 3403 mentum
424 3336 536 3404 detulit
557 3338 638 3404 dicto
660 3337 783 3405 domino
805 3338 966 3422 Aquileuti
988 3339 1131 3422 presenti,
1154 3339 1186 3404 61
1207 3357 1301 3405 manu
1322 3339 1414 3406 tactis
1438 3341 1524 3407 scri-

262 3453 362 3536 pturis
384 3454 578 3536 corporaliter
600 3453 714 3520 iuranti
736 3453 775 3519 ad
797 3457 904 3520 sancta
918 3454 976 3519 Dei
998 3454 1157 3537 evangelia
1179 3454 1216 3521 de
1239 3453 1367 3522 veritate
1389 3455 1527 3525 dicenda

263 3587 353 3652 super
366 3569 510 3653 capitulis
525 3572 557 3636 et
571 3569 641 3635 aliis
656 3568 812 3653 productis
827 3587 881 3653 pro
896 3571 982 3654 parte
999 3589 1022 3636 0.
1036 3569 1064 3636 d.
1078 3590 1108 3636 n.
1118 3569 1203 3636 omni
1217 3570 1338 3637 meliori
1352 3569 1442 3637 modo
1457 3575 1525 3642 etc.

350 3683 543 3751 Reuerendus
565 3685 598 3751 in
621 3683 742 3750 Christe
765 3686 851 3768 pater
874 3684 901 3750 d.
925 3685 1107 3769 Aquilantes
1130 3685 1181 3770 qui
1197 3685 1347 3754 leonardi
1369 3685 1406 3752 do
1422 3684 1523 3754 Sala·

260 3799 403 3866 monibus
426 3800 548 3865 sanctae
567 3800 810 3866 Ravennatonsis
832 3801 976 3866 eeclesiae
998 3803 1160 3866 canonicus
1183 3801 1273 3866 testis
1295 3800 1438 3867 inductus
1462 3823 1528 3886 per

262 3914 378 3982 dietum
400 3935 423 3981 r.
439 3915 467 3982 d
484 3918 708 4014 procuratorem
731 3937 754 3982 0.
778 3916 806 3982 1
828 3936 857 3982 n.
874 3915 1062 4001 8010106006
1086 3915 1173 3982 Sedis
1195 3915 1387 4001 apostolicae
1400 3917 1528 3988 0110100

258 4031 394 4098 monitus
416 4031 534 4098 iuratus
557 4050 592 4098 ac
614 4031 779 4116 diligenter
800 4033 992 4100 examinatus
1009 4052 1063 4117 per
1085 4033 1238 4118 prefatum
1260 4033 1463 4118 magnificum
1489 4036 1526 4104 11

257 4147 441 4230 0010010101
456 4148 487 4212 61
501 4147 747 4214 commissarium
763 4167 852 4231 super
867 4149 1010 4231 capitulis
1026 4149 1057 4215 et
1071 4149 1142 4214 aliis
1156 4149 1312 4232 productis
1326 4169 1380 4233 061
1394 4149 1528 4220 dietum

256 4281 280 4328 r.
290 4261 319 4328 d
328 4265 552 4347 procuratorem
567 4263 620 4347 qui
635 4263 725 4330 testis
741 4282 793 4330 suo
809 4264 979 4331 1010116110
994 4264 1149 4330 mediante
1163 4264 1355 4332 testificando
1368 4265 1446 4332 dixit
1455 4271 1529 4336 ete.

347 4374 443 4460 Super
457 4377 555 4461 primo
569 4379 776 4462 interrogatus
791 4379 869 4445 dixit
884 4380 964 4464 quod
979 4398 998 4444 0
1012 4400 1039 4448 x
1055 4399 1100 4446 xx
1116 4401 1180 4446 xxx.
1195 4381 1401 4466 quadraginta
1416 4385 1527 4468 quin-

256 4491 412 4576 quaginta,
442 4492 600 4578 sexaginta
623 4494 654 4561 et
683 4497 878 4582 septuaginta
907 4498 996 4564 aunis
1026 4496 1103 4566 eitra
1125 4498 1162 4564 de
1192 4499 1302 4585 quibus
1325 4498 1391 4585 ipse
1421 4501 1532 4568 testis
1654 4517 1655 4560 ι
