3400 5088
648 289 895 356 -141-

141 469 343 572 protectorem
371 486 487 564 Deum;
510 486 658 571 quantum
680 485 729 551 illi
758 485 882 564 debeas·
906 483 1040 570 cogitare
1062 484 1150 550 tuum
1172 486 1228 563 cet,
1257 486 1397 552 nostrum

142 603 304 669 admonere
333 602 406 688 quid
435 601 524 668 nobis
553 601 692 668 rideatn
714 603 819 668 tantae
848 600 1070 668 conservandae
1091 600 1151 666 Dei
1180 599 1297 686 gratiae
1329 621 1396 668 esse
1524 619 1531 626 ·

141 720 312 805 expediens.
357 718 440 784 Illud
462 718 585 802 quidem
614 721 792 800 extremum,
822 717 901 802 quod
923 719 1022 784 nostri
1049 718 1175 802 ergate
1204 717 1317 784 amoris
1340 718 1396 795 est,

142 835 349 921 adiungimus,
371 853 479 918 cupere
493 853 549 901 nos
563 834 708 920 quicquid
730 833 829 919 egeris
844 835 876 900 et
897 834 1100 910 consuluerim
1123 832 1156 899 id
1170 833 1271 900 Deum
1292 833 1395 918 ipsum

142 952 351 1019 immortalem
373 953 405 1017 et
420 950 667 1035 omnipotentem,
689 951 766 1017 bene
781 952 813 1016 et
826 950 955 1016 feliciter
970 952 1041 1016 tuae
1056 943 1133 1016 ser.ti
1151 950 1270 1016 evenire
1286 949 1397 1027 iubere,

142 1067 399 1153 quemadmodum
422 1066 459 1132 de
481 1067 539 1145 his,
562 1067 638 1134 etsi
659 1086 719 1151 qua
733 1066 850 1151 reliqua
865 1067 945 1146 sunt
968 1065 1182 1132 mandavimus
1206 1065 1317 1131 dilecto
1332 1063 1397 1130 fflio

143 1183 323 1250 Baldassari
345 1181 528 1248 castiliormc
551 1183 669 1248 notario
691 1184 722 1248 st
740 1182 850 1248 nuncio
872 1183 976 1249 nostro
999 1184 1034 1248 ut
1056 1201 1125 1248 cum
1149 1187 1231 1247 ser.te
1252 1183 1306 1248 tua
1321 1199 1396 1265 age·

143 1301 205 1376 ret;
228 1297 277 1364 oui
291 1297 346 1364 illa
360 1298 453 1370 fidem
469 1317 623 1364 summam
646 1299 810 1382 praebebit.
855 1298 972 1364 Datum
988 1298 1103 1366 Romae
1118 1299 1174 1364 eta
1189 1297 1238 1365 die
1254 1297 1305 1366 rii.
1320 1295 1409 1364 Maii

143 1414 262 1481 mdxxr.
307 1414 396 1481 Anno
420 1413 558 1482 secundo.

685 1672 855 1770 Caesari

233 1817 293 1882 Pro
307 1819 481 1901 Augustino
496 1817 649 1902 Iloglietta
665 1815 832 1883 Ganuensi:
849 1819 883 1882 ut
897 1815 1040 1882 ecclesiae
1056 1815 1246 1898 Mazariensi,
1260 1817 1294 1883 in
1303 1837 1396 1903 regno

144 1931 275 2010 Siciliae,
297 1931 516 2000 interveniente
537 1933 732 2017 imperatoris
754 1932 918 2011 voluntate,
941 1931 1141 2016 praeficiatur.

739 2234 811 2322 103ss

563 2423 743 2496 Episcopo
766 2422 986 2485 Tridentino·

235 2577 324 2643 vene
346 2577 447 2644 trater.
492 2576 562 2642 lttsi
589 2576 711 2643 litterae
738 2577 809 2642 tuae
838 2594 890 2643 ees
919 2593 968 2644 res
1000 2577 1088 2645 nobis
1118 2578 1292 2648 nnnciarint
1321 2599 1398 2666 quas

143 2691 294 2758 habemus
315 2690 560 2772 molestissimas,
583 2693 689 2758 tamen
702 2693 793 2777 grata
813 2692 847 2757 in
869 2692 958 2758 nobis
981 2693 1160 2760 certioribus
1182 2693 1396 2788 faciendisdi-

144 2808 274 2894 ligantia
295 2809 364 2887 tua;
386 2808 477 2874 testis
498 2807 582 2874 enim
600 2810 649 2876 ost
670 2809 703 2875 et
724 2808 837 2876 amoris
860 2808 908 2875 tui
929 2827 1002 2894 erga
1023 2827 1080 2876 nos
1102 2811 1134 2876 et
1156 2810 1221 2877 ciue
1244 2812 1399 2897 quemad

142 2943 304 3011 personam
326 2926 463 2991 nostram
485 2924 622 3010 hancque
644 2923 790 2992 Sanctam
812 2921 921 2993 Sodem
943 2925 1026 3010 geris
1048 2927 1283 3008 observantiam
1305 2945 1398 3012 quam

145 3059 303 3126 speramus
332 3040 391 3107 tibi
413 3039 576 3125 aliquando
606 3040 740 3108 fructum
768 3041 941 3108 allaturam
986 3041 1034 3108 De
1057 3043 1140 3122 stetu
1170 3045 1273 3110 autem
1295 3063 1397 3112 rerum

144 3157 268 3224 illarum
290 3175 349 3243 quo
371 3156 512 3241 graviora
533 3157 675 3224 audimus
698 3157 841 3242 quotidie
864 3156 922 3224 hoc
943 3157 1033 3224 nobis
1048 3159 1150 3244 magis
1172 3159 1264 3226 istius
1287 3160 1398 3244 optimi

145 3292 181 3340 ac
201 3271 400 3340 invictissimi
420 3272 568 3358 principis
590 3273 689 3340 virtus
707 3274 741 3340 etw
760 3271 921 3357 prudentia
944 3271 1064 3340 ridetur
1078 3275 1282 3359 praestantior
1303 3293 1396 3359 quam

145 3390 293 3456 vellemus
316 3388 438 3474 quidem
468 3407 541 3474 pace
564 3390 595 3456 et
616 3389 841 3473 tranquillitate
863 3407 966 3456 rerum
988 3389 1127 3456 omnium
1148 3390 1210 3456 frui
1231 3409 1286 3456 nec
1308 3390 1395 3475 quic-

145 3524 237 3590 quam
259 3505 347 3573 nobis
369 3505 504 3589 optatius
519 3523 586 3571 esse
607 3506 718 3589 posset
764 3503 824 3571 Sed
838 3505 903 3572 Deo
923 3505 970 3571 ita
988 3504 1184 3590 dispensante
1199 3505 1396 3574 difficultates

146 3623 178 3687 et
198 3621 333 3706 pericula
361 3621 505 3687 eveniunt
526 3621 562 3685 ut
583 3620 685 3705 magis
708 3622 854 3705 appareat
882 3621 1030 3705 quantum
1060 3621 1161 3688 valeat
1189 3622 1397 3707 unusquisque

147 3735 180 3801 in
193 3736 306 3802 tronore
321 3755 392 3802 suae
407 3736 570 3822 dignitatis
586 3739 617 3802 et
631 3735 753 3803 iustitia
767 3737 972 3822 religioneque
988 3737 1144 3818 servanda,
1167 3757 1261 3823 quam
1274 3737 1396 3805 nudem

146 3851 200 3918 isti
214 3851 345 3936 principi
366 3853 521 3937 propriam
534 3853 566 3919 et
580 3854 757 3937 perpetuam
779 3853 843 3920 fore
858 3872 919 3919 non
933 3852 1119 3934 dubitemus,
1143 3853 1180 3922 ad
1196 3873 1287 3939 quem
1303 3854 1397 3922 etiam

146 3969 266 4034 nostras
289 3966 397 4034 damus
412 3969 549 4046 litteras3
571 3967 748 4036 fraternitas
762 3970 817 4036 tua
839 3989 894 4036 suc
909 3989 993 4037 more
1008 3971 1040 4036 et
1053 3969 1196 4038 instituto
1211 3971 1291 4037 etin
1308 3971 1398 4038 nobis

146 4083 183 4150 de
205 4085 295 4150 rebus
318 4084 460 4150 omnibus
483 4083 627 4152 docendis
649 4084 843 4170 diligentim
865 4087 897 4152 ot
918 4086 953 4152 in
975 4084 1270 4171 sedisapostolicae
1291 4086 1397 4172 digni·
1441 4159 1444 4166 ,

145 4201 209 4266 tote
231 4199 390 4266 retinenda
405 4199 530 4268 solitam
544 4201 749 4268 constantium
764 4202 955 4268 conservabit
976 4202 1057 4288 quod
1070 4203 1222 4288 utrunque
1236 4203 1295 4270 erit
1308 4205 1404 4270 nobis,

145 4315 367 4401 gratissimum.
414 4314 500 4382 Sicut
513 4317 620 4384 eadem
634 4336 654 4383 a
667 4317 720 4385 dil
734 4317 772 4384 fr.
787 4317 972 4403 Hieronymo
986 4317 1113 4385 Rorario
1136 4371 1144 4388 .
1167 4369 1175 4386 .
1198 4369 1206 4386 .
1229 4318 1334 4385 audies
1349 4319 1400 4386 cni

146 4431 237 4498 fidem
260 4431 398 4499 habebis.
443 4432 559 4498 Datum
581 4434 697 4500 Rornae
718 4433 948 4500 diuinitati
976 4433 1095 4502 mdxrr.
1146 4434 1236 4500 Anno
1260 4433 1397 4502 seeundo.

1045 4569 1060 4613 s
