3346 5084
759 369 1005 458 <aro-

254 560 344 647 atque
373 562 406 628 in
435 564 568 632 extremo
597 567 734 632 examine
763 567 902 634 districte
930 569 1041 637 ultioni
1071 571 1226 638 subiaceat
1254 572 1372 638 eunctis
1402 575 1508 640 autem

252 676 351 744 eidem
374 679 518 746 ecclesiae
546 682 631 748 iuxta
661 684 853 750 servantibus
876 685 918 751 sit
940 706 996 769 pax
1020 687 1146 753 Domini
1168 689 1266 755 nostri
1288 687 1362 754 Jesu
1387 688 1506 755 Christi
1648 695 1649 730 r

253 797 415 878 quatenus3
437 797 468 862 et
490 797 542 864 hic
562 797 695 870 fructum
718 801 814 868 bonae
832 801 961 867 acticms
982 803 1158 886 percipiant
1181 805 1212 870 et
1226 804 1307 888 apud
1330 804 1505 872 districtum

252 909 384 977 iudicem
407 913 523 996 premia
546 914 686 980 aeternae
707 916 791 999 pacis
813 917 971 983 ravennae
993 937 1090 984 amen.

309 1050 312 1058 ¹
343 1025 496 1112 Scriptum
516 1047 569 1113 per
591 1049 718 1097 manum
733 1033 858 1099 Rurerii
881 1034 1032 1100 scriniarii
1055 1035 1228 1120 regionarii,
1250 1038 1282 1102 et
1296 1038 1408 1104 notarii
1427 1038 1506 1104 sacri

252 1148 372 1232 palatii3
395 1148 500 1215 datum
516 1149 658 1215 Laterani
680 1169 734 1233 per
755 1168 882 1215 manum
898 1148 1062 1236 Gnsogoni
1085 1153 1207 1217 sanctae
1228 1153 1384 1219 Romanae
1407 1154 1504 1220 ecole-

253 1265 315 1330 siae
346 1265 465 1332 diacom
494 1265 658 1332 cardinalis
689 1285 724 1332 ac
753 1265 976 1333 bibliothecarii
1000 1267 1050 1333 vii.
1073 1267 1141 1333 idus
1169 1267 1311 1334 ianuarii
1339 1268 1505 1336 indictione

252 1383 310 1449 xiv.
335 1382 552 1450 incarnationis
575 1383 745 1450 dominicae
761 1401 839 1449 auno
862 1383 1027 1450 millesimo
1050 1385 1217 1450 centesimo
1233 1384 1383 1468 vigesimo
1407 1385 1504 1468 primo

251 1499 446 1583 pontificatus
468 1502 573 1568 autem
596 1499 624 1565 d.
648 1497 759 1566 Calirti
782 1499 906 1566 secundi
928 1517 1025 1583 papae
1047 1519 1126 1566 anno
1151 1499 1289 1567 secundo.

341 1733 542 1818 Pririlegium
565 1732 681 1800 Gelasii
704 1751 799 1817 papae
822 1752 911 1816 super
934 1731 1047 1799 ecdem.

340 1847 482 1917 Gelenius
516 1850 673 1934 spiscopus
699 1869 803 1917 servus
829 1867 983 1916 servorum
1012 1849 1085 1928 Dei,
1118 1847 1297 1916 charissimo
1322 1849 1355 1915 in
1383 1847 1504 1916 Christo

249 1965 338 2032 fratri
351 1964 509 2033 Gualterio
523 1968 749 2034 &vannetensi
765 1966 988 2051 archiepiscopo
1005 1965 1135 2031 salutem
1150 1965 1394 2049 adapostolicam
1409 1967 1501 2033 bene·

249 2081 420 2149 dictionem.
444 2082 567 2149 Unitati
583 2083 703 2149 diuuae
718 2083 879 2150 trinitatis
894 2083 1012 2167 gratiae
1031 2080 1166 2166 agendae
1186 2083 1258 2146 sunt
1272 2100 1348 2164 quae
1363 2102 1417 2166 per
1432 2101 1503 2148 suae

250 2198 410 2264 charitatis
434 2197 577 2282 spiritum
599 2199 699 2265 dirisa
721 2199 880 2284 coniungit
894 2201 926 2266 et
944 2199 1058 2264 multas
1082 2200 1115 2262 in
1131 2215 1162 2262 se
1178 2198 1298 2263 animas
1320 2216 1414 2263 uuam
1430 2198 1502 2264 facit

249 2313 427 2390 ecclesiam3
451 2313 602 2398 siquidem
624 2315 812 2381 &vennatis
827 2334 880 2399 per
895 2315 995 2380 multa
1017 2315 1080 2379 iam
1098 2314 1235 2396 tempora
1258 2313 1296 2378 ab
1319 2315 1501 2396 apostolicae

250 2429 336 2496 Sedis
359 2431 478 2497 unimte
501 2429 630 2496 discissa
652 2432 767 2496 multas
789 2431 888 2497 eidem
904 2429 975 2497 Sedi
998 2429 1180 2514 apostolicae
1203 2429 1426 2512 persecutiones
1449 2431 1499 2495 in-

249 2547 330 2626 tulit,
354 2549 385 2613 et
407 2548 544 2614 ecclesiis
568 2547 674 2613 multis
697 2549 830 2631 peruersi
862 2547 1017 2613 scismatis
1039 2545 1179 2612 fomitem
1202 2545 1400 2625 ministrarit,
1423 2565 1499 2630 qua·

247 2664 369 2747 propter
399 2662 438 2728 ad
460 2663 525 2729 eius
554 2664 723 2746 nequitiam
754 2662 983 2747 deprimendam
1013 2662 1217 2728 subiectarum
1247 2659 1275 2726 ei
1305 2661 1499 2727 ecclesiarum

248 2778 395 2863 quasdam
424 2778 484 2845 sibi
514 2779 679 2862 apostolica
709 2778 795 2845 sedes
818 2778 995 2862 assumpsit
1023 2779 1059 2843 ut
1081 2778 1129 2844 vel
1153 2777 1286 2842 siccam
1309 2775 1348 2841 ad
1370 2777 1498 2843 humili-

247 2895 322 2960 tatis
344 2897 376 2961 et
398 2895 527 2961 unitatis
542 2895 699 2961 tramitem
722 2896 883 2974 revocaret,
907 2894 1044 2960 sedeam
1060 2893 1185 2959 tandcm
1207 2892 1328 2959 divinae
1343 2891 1498 2959 maiestati

247 3011 322 3076 bene
338 3011 486 3094 placitum
501 3010 569 3088 fuit,
584 3010 723 3076 eamdem
733 3011 997 3076 Ravennatensem
1012 3009 1171 3076 ecclesiam
1186 3007 1411 3074 misericordiae
1428 3027 1499 3074 suae

246 3126 363 3210 gratiae
392 3125 431 3192 ad
459 3126 610 3192 unitatem
640 3128 670 3191 et
700 3125 905 3191 obedientiam
937 3126 1045 3190 matris
1077 3144 1147 3191 suae
1170 3123 1325 3189 Romanae
1355 3123 1499 3190 ccclesiae

246 3243 405 3320 revocarit,
428 3241 623 3326 iniquitatem
645 3261 777 3325 namque
807 3261 894 3308 suam
917 3241 1002 3307 illius
1026 3241 1083 3306 fflii
1106 3240 1354 3324 recognoscentes
1385 3237 1497 3304 delicta

244 3358 367 3439 patrum
382 3358 530 3441 corrigere
545 3357 748 3441 probaverunt
761 3358 797 3422 ut
811 3357 864 3442 qui
878 3357 1032 3441 preteritis
1048 3356 1235 3440 temporibus
1250 3374 1302 3438 per
1312 3353 1496 3420 tirannidem

245 3473 362 3556 regiam
386 3473 520 3556 presules
550 3473 673 3557 regibus
696 3474 849 3557 placentes
873 3472 1061 3556 accipiebant
1084 3491 1164 3537 nuno
1185 3471 1308 3538 demum
1333 3470 1497 3536 secumdum

245 3588 405 3654 canonicas
435 3589 606 3654 sanctiones
628 3590 804 3673 episcopum
827 3591 891 3655 Deo
923 3589 1092 3673 placentem
1122 3589 1278 3672 eligerent,
1307 3588 1339 3651 et
1370 3585 1497 3651 scimate

246 3702 384 3770 abdicato
406 3704 440 3769 in
463 3704 628 3771 catholicae
652 3705 898 3789 congregationis
920 3704 1070 3788 gremium
1087 3701 1273 3787 repedarent
1297 3698 1496 3785 tesiquidcm

245 3819 463 3887 revendissime
485 3820 578 3886 frater
594 3818 744 3887 Gualterii
768 3839 787 3885 a
809 3819 972 3904 disciplina
995 3819 1124 3885 fratrum
1147 3819 1333 3902 regularium
1350 3816 1497 3881 violenter

244 3936 438 4018 assumptum
460 3954 513 4019 pro
529 3936 688 4021 religionis
703 3955 738 4002 ac
762 3934 928 4020 sapientiae
942 3934 1136 4019 prerogativa
1157 3935 1191 3998 in
1212 3932 1294 3998 beati
1309 3931 1496 4015 Apollinaris

244 4050 420 4116 cathedram
443 4053 564 4117 comum
587 4053 657 4118 voto
680 4071 715 4117 ac
737 4050 886 4117 desiderio
910 4052 1076 4133 posueruut
1098 4050 1128 4114 et
1150 4050 1184 4114 in
1207 4044 1496 4131 apostolicaesedis

243 4165 448 4232 obedientiam
472 4167 657 4233 unanimiter
680 4167 869 4251 redegerunt,
891 4165 971 4231 unde
994 4185 1049 4231 nos
1068 4164 1188 4230 divinae
1210 4163 1361 4228 trinitatis
1384 4161 1496 4228 unitati
1532 4245 1536 4250 Ι

243 4283 361 4364 gratias
377 4283 502 4367 agentes
518 4302 679 4366 personam
702 4286 788 4348 tuam
803 4302 857 4366 pro
879 4281 945 4347 iure
968 4282 1088 4347 nostrae
1104 4280 1248 4346 ecclesiae
1271 4277 1309 4344 ad
1327 4277 1496 4361 episcopale

243 4397 451 4464 ministerium
479 4399 655 4482 cooperante
678 4399 801 4464 domino
824 4398 1033 4464 consecrantes
1064 4395 1175 4461 tibist
1204 4413 1258 4479 per
1280 4395 1310 4459 te
1332 4394 1493 4459 Ravenna·

241 4511 323 4576 tensi
348 4512 491 4579 ecclesiae
513 4513 696 4598 dignitatem
719 4533 839 4580 omnem
867 4531 958 4596 quam
974 4513 1045 4578 autc
1066 4509 1151 4577 illius
1173 4508 1333 4577 divisionis
1355 4509 1493 4591 tempora
