3396 5090
762 337 1007 406 -176-

257 533 360 601 obrem
390 554 450 602 nou
477 537 598 618 potuere
622 535 809 601 commodius
833 536 920 602 nobis
950 535 1091 604 advenire
1117 536 1238 604 litterae
1267 540 1352 615 tuae;
1382 557 1455 605 nem
1477 539 1509 604 ot

257 651 476 718 confirmarunt
492 651 704 716 testimonium
727 651 763 717 de
786 653 816 717 te
840 653 979 717 nostrum
994 653 1025 718 et
1040 652 1256 720 maledicorum
1280 672 1332 720 ora
1347 673 1506 739 oppresse-

256 769 336 847 runt,
359 786 414 833 nos
430 767 552 851 quidem
569 767 632 833 Deo
648 769 679 832 et
694 766 801 832 virtuti
816 768 887 832 tuae
902 769 1094 851 gratulamur
1110 769 1204 835 talem
1219 771 1251 834 te
1266 789 1332 835 esse
1348 769 1507 835 inuentum

255 884 377 969 qualem
401 902 519 967 sempor
541 880 743 948 iudicavimus
766 884 796 948 et
812 879 927 948 Christi
950 886 981 948 et
1003 883 1187 951 christianae
1205 885 1388 969 reipublicae
1410 883 1507 950 fidum

255 1001 437 1083 firmumque
467 997 662 1064 defensorem.
713 998 749 1064 ln
779 1017 837 1082 qua
867 999 956 1065 laude
985 1001 1175 1067 honoramur
1204 1000 1505 1084 circumspectionem

254 1118 341 1182 tuam
362 1117 398 1180 ut
420 1114 559 1198 pergeret
580 1115 611 1178 et
633 1115 846 1197 perseveraret,
869 1115 930 1179 nisi
953 1116 1130 1198 putaremus
1153 1134 1275 1182 omnem
1298 1115 1503 1182 hortationem

255 1249 508 1315 supervacaneam
530 1248 604 1309 essa,
628 1249 698 1296 cum
713 1231 744 1296 tc
759 1231 791 1296 et
805 1229 941 1314 dignitas
964 1233 1026 1310 tua,
1049 1233 1080 1298 at
1098 1232 1244 1298 iudicium
1259 1232 1413 1298 interioris
1429 1250 1501 1296 con-

255 1345 398 1413 scientias
422 1345 515 1411 adid
537 1347 670 1412 maxime
698 1346 865 1413 hortentur.
911 1347 979 1412 atsi
1008 1347 1091 1414 enim
1121 1365 1157 1414 aa
1185 1366 1262 1432 quaa
1284 1347 1318 1413 in
1341 1345 1506 1413 Germania

254 1462 444 1542 acciderunt,
484 1463 514 1528 et
545 1462 633 1547 quasi
664 1462 764 1528 furore
796 1462 926 1546 quodam
953 1464 1038 1528 mota
1070 1465 1158 1544 sunt,
1195 1481 1325 1548 magnos
1363 1461 1505 1529 omnibus

253 1579 441 1665 principibus
456 1579 575 1645 laboras
598 1578 713 1644 multas
744 1577 964 1645 sollicitudines
987 1579 1162 1660 attulerint,
1192 1581 1296 1647 amen
1326 1580 1356 1644 st
1387 1577 1506 1644 fortitu

253 1715 288 1762 ac
311 1695 442 1780 gloriose
463 1712 602 1778 repressa
625 1695 705 1774 sunt,
735 1695 766 1760 ct
788 1693 953 1760 docuenmt
981 1693 1014 1760 id
1036 1695 1116 1779 quod
1144 1696 1247 1779 potest
1268 1695 1332 1761 iam
1361 1693 1502 1760 omuibus

253 1815 364 1898 patere,
386 1812 589 1897 pessimarum
604 1812 746 1877 heresum
760 1813 897 1877 auctores
912 1830 973 1877 non
996 1812 1098 1879 minus
1114 1811 1179 1876 suis
1200 1829 1293 1895 quam
1309 1810 1418 1876 alienis
1436 1827 1503 1876 esse

253 1928 444 2015 perniciosos.
497 1924 597 2008 Quare
620 1945 675 1993 nos
698 1928 729 1992 et
750 1927 827 1993 cir.ni
862 1929 933 1993 tuae
956 1927 993 1993 de
1015 1929 1081 1993 tam
1103 1927 1154 2011 pia
1177 1928 1279 1993 mente
1303 1926 1503 2011 gratulamur,

252 2049 283 2113 et
305 2047 364 2112 tibi
385 2047 490 2111 tamen
506 2043 677 2124 suademus,
700 2045 735 2109 ut
749 2043 828 2110 hanc
842 2043 965 2110 laudem
987 2045 1164 2128 perpetuam
1180 2043 1238 2108 tibi
1253 2044 1394 2110 retineas.
1418 2041 1500 2106 Nos-

253 2181 319 2248 que,
343 2162 370 2226 si
392 2160 465 2246 quid
488 2159 648 2244 quodfieri
664 2159 786 2225 anobis
809 2161 944 2244 oporteat
964 2159 1165 2238 admonueris,
1188 2159 1368 2244 pollicemur
1383 2177 1438 2224 nec
1452 2156 1501 2221 di·

251 2279 365 2363 gnitati
380 2279 450 2342 triae
466 2295 518 2341 uec
535 2275 629 2340 saluti
643 2275 738 2342 totius
748 2273 930 2340 Germaniae
945 2274 1108 2341 defuturos.
1130 2273 1213 2355 Quae
1228 2276 1332 2340 autom
1346 2275 1501 2359 praeterea

251 2413 270 2458 a
293 2393 380 2459 nobis
403 2412 456 2477 per
478 2392 598 2457 litteras
613 2391 759 2475 postulas,
782 2390 821 2456 de
842 2390 882 2456 iis
897 2390 1044 2456 iussimus
1067 2390 1241 2474 responderi
1263 2390 1427 2474 egentibus
1450 2387 1501 2452 hic

251 2509 321 2589 tuis,
344 2508 417 2593 quid
432 2508 471 2573 ad
486 2507 590 2572 cir.nan
614 2509 700 2572 tuom
718 2507 838 2590 plenius
861 2507 1056 2590 perscribant
1094 2507 1140 2572 Tu
1163 2507 1219 2572 hoc
1242 2505 1300 2572 tibi
1315 2503 1497 2589 persuadeas

253 2625 391 2690 volumus
414 2642 502 2689 curae
524 2623 612 2689 uobis
635 2622 800 2688 admodum
821 2642 888 2689 essa
912 2626 943 2688 st
965 2622 1055 2688 decus
1078 2624 1110 2689 et
1124 2623 1382 2688 existimationem
1404 2622 1500 2686 bum.

251 2741 365 2804 Datum
390 2740 504 2804 Rornae
528 2742 583 2803 ete.
608 2738 656 2802 die
679 2739 736 2803 xvi.
762 2737 902 2804 Octobris
926 2737 1043 2804 mdxnv.
1089 2738 1179 2804 Anno
1203 2737 1341 2804 secundo.

844 3002 916 3068 132.

701 3167 786 3238 Regi
810 3165 1060 3236 portugalliae.

339 3318 511 3386 carissime.
558 3319 601 3384 Er
617 3318 733 3402 aliquot
749 3321 839 3384 ser.tia
860 3323 931 3383 tuac
952 3318 1065 3384 littaris
1088 3320 1119 3382 et
1135 3336 1169 3382 ex
1192 3316 1232 3382 iis
1247 3335 1323 3401 quae
1346 3315 1399 3382 dil.
1418 3313 1500 3380 filius

251 3433 403 3500 Martinus
427 3434 464 3500 de
479 3434 657 3518 Portugallo
680 3435 781 3499 emtor
795 3432 876 3518 apud
898 3451 953 3499 uos
968 3435 1040 3498 tuus
1056 3435 1107 3499 tuo
1124 3433 1245 3499 nomine
1260 3432 1348 3498 nobis
1373 3429 1499 3506 rettulit,

250 3551 446 3634 cognovimus
470 3568 505 3616 ea
535 3569 610 3633 quoe
641 3555 736 3614 sarde·
759 3551 812 3614 tua
834 3549 922 3615 nobis
953 3550 1075 3634 cuperet
1097 3548 1248 3625 obtincrc;
1272 3567 1361 3632 super
1390 3547 1500 3631 quibus

251 3665 462 3749 respondimus
493 3665 554 3749 ipsi
577 3665 697 3742 dramni,
720 3665 799 3750 quod
828 3664 952 3730 adalia
981 3665 1112 3748 pertinet
1141 3683 1218 3749 quae
1239 3682 1301 3730 non
1324 3663 1500 3730 dubitamus

250 3781 340 3846 illurn
364 3780 403 3846 ad
426 3782 457 3846 ta
471 3781 709 3864 perscripturum
732 3799 806 3846 esse.
837 3780 883 3845 Ile
898 3799 934 3845 ea
949 3799 1018 3846 vero
1033 3780 1179 3847 facultate
1195 3799 1284 3863 super
1306 3777 1500 3844 monasteriis

251 3914 344 3981 quam
368 3913 465 3963 car.mo
488 3895 521 3962 in
544 3895 665 3962 Christo
695 3895 758 3960 filio
781 3896 885 3961 nostro
908 3894 1014 3962 Oarolo
1036 3897 1131 3962 electo
1154 3895 1330 3980 imperatori
1352 3894 1386 3960 in
1407 3911 1500 3978 regno

251 4011 402 4077 Castaliae
431 4029 605 4078 concessam
633 4029 699 4076 csse
729 4011 846 4090 scribis,
869 4009 954 4076 cuius
983 4013 1018 4076 tu
1041 4012 1176 4077 similem
1197 4010 1362 4095 impetrare
1392 4009 1500 4082 rodes3

249 4127 392 4211 quoniam
416 4129 537 4212 propter
558 4127 632 4192 anni
654 4127 775 4210 tempus
797 4128 904 4192 aberat
926 4145 1039 4212 magna
1059 4146 1131 4211 pars
1145 4147 1211 4195 ren
1228 4127 1358 4192 flatrum
1380 4127 1499 4192 nostro·

249 4263 327 4321 rum,
350 4261 410 4309 non
433 4243 587 4326 potuimus
610 4242 683 4326 quid
705 4261 794 4327 agere
816 4242 993 4310 deberemus
1016 4243 1190 4324 deliberare,
1219 4263 1294 4330 quos
1316 4242 1502 4328 expectaturi

251 4377 372 4434 snmus3
403 4356 462 4422 etsi
493 4376 570 4441 quae
593 4357 653 4442 ipsi
676 4357 782 4424 Carolo
812 4358 942 4424 facultas
965 4379 1018 4444 per
1040 4360 1076 4426 fe.
1100 4381 1157 4427 me.
1181 4360 1350 4428 Adrianum
1372 4359 1499 4445 praede·

249 4491 399 4539 cessorem
420 4476 559 4539 nostrum
583 4473 655 4538 data
670 4474 737 4550 fuit
760 4493 795 4539 eu
817 4495 973 4558 nunquam
996 4478 1160 4560 acollegio
1183 4477 1385 4544 cardinalium
1408 4477 1500 4544 fuerit
