3380 5088
682 345 926 414 -bob-

174 549 278 614 uostm
301 545 332 612 et
354 562 495 631 supremo
510 543 652 616 scabioso
675 544 711 608 nt
731 544 802 628 post
822 543 1060 627 gratulationem
1082 542 1205 610 nomine
1226 560 1294 612 meo
1311 543 1426 612 ιιιιιιιιι

175 664 207 728 st
228 660 457 746 paratissimam
476 658 691 744 obsequiorum
713 677 851 726 meorum
872 661 1020 744 tanquam
1041 659 1284 727 obedientissimi
1305 659 1364 726 filii
1379 659 1445 728 sal·

175 776 401 857 exhibitionem,
424 776 570 843 nonnulla
593 775 751 842 sanctitati
765 795 793 843 v.
809 775 943 842 declaret
957 794 1016 860 que
1030 778 1214 844 concernunt
1229 773 1427 844 necessitates

175 911 259 960 meas
282 894 313 960 et
335 891 448 960 damna
469 891 733 977 quorumpartsm
753 891 818 958 iam
839 911 894 976 per
908 891 1039 976 perfidos
1061 893 1167 960 hostes
1180 892 1294 960 liuroos
1316 892 1427 978 occepi,

174 1009 207 1076 et
228 1012 310 1077 certa
331 1009 427 1076 etism
442 1008 559 1076 maiora
581 1009 716 1088 manent
738 1026 799 1076 non
821 1009 920 1075 solum
944 1010 983 1075 ab
998 1008 1044 1076 eis
1067 1008 1120 1076 sed
1134 1009 1229 1076 etiarn
1251 1007 1427 1076 domesticis

174 1126 317 1206 inimicis,
340 1125 393 1211 qni
415 1125 554 1192 demonis
569 1125 717 1192 instinctu
741 1125 950 1210 evangelicam
972 1125 1154 1193 charitatem
1168 1126 1358 1210 proterentes
1381 1125 1427 1192 irs

174 1244 259 1309 intus
281 1243 313 1309 et
334 1242 403 1309 odio
426 1241 579 1308 stimulati
607 1260 734 1327 gregem
756 1239 872 1308 christi
900 1241 1013 1308 inbac
1038 1241 1162 1309 natione
1190 1261 1268 1309 nova
1290 1240 1428 1308 doctrina

149 1436 153 1445 1
173 1360 325 1438 imbuunt
349 1357 537 1424 sanctissimi
551 1357 704 1444 pontificis
720 1377 831 1424 nomen
849 1357 1076 1442 proscindentes
1099 1359 1130 1424 ot
1144 1357 1292 1442 quotquot
1313 1355 1428 1442 absque

175 1474 293 1542 delectu
316 1474 409 1542 etiam
432 1475 485 1559 qui
507 1475 546 1540 ab
569 1473 782 1540 ecclesiasticis
806 1473 916 1541 ritibus
940 1475 971 1540 st
1000 1473 1199 1541 sacramentis
1222 1471 1321 1539 cdhuc
1343 1473 1428 1539 stant

174 1590 403 1674 vilipendentes.
449 1590 591 1656 Preterea
613 1591 711 1656 certas
734 1589 812 1656 mibi
834 1589 931 1656 factas
946 1591 1063 1675 gestias
1085 1591 1117 1656 et
1139 1590 1281 1674 paternas
1304 1587 1343 1654 ab
1364 1588 1427 1654 ista

175 1706 245 1773 sede
274 1706 461 1790 provisiones
490 1707 625 1790 exponet,
655 1724 731 1790 quas
761 1725 822 1772 non
852 1705 992 1773 soluma
1021 1703 1210 1772 beatitudine
1233 1726 1259 1772 v.
1282 1706 1366 1771 rotas
1396 1704 1428 1772 et

176 1823 289 1907 maiae,
313 1842 418 1890 venum
434 1823 537 1900 etiam,
561 1822 658 1888 otest
673 1821 957 1902 beneficentissima,
980 1823 1144 1908 ampliores
1158 1821 1427 1907 locupletioresque

176 1938 359 2022 speraverim
381 1958 431 2006 me
453 1939 697 2022 impetraturum,
720 1903 852 2005 mafime
867 1937 946 2023 qnod
962 1957 1018 2024 ego
1041 1939 1107 2005 dies
1121 1939 1284 2021 nmtssqne
1297 1935 1428 2004 meditor

175 2058 207 2122 et
228 2055 361 2140 mgitem
378 2056 449 2139 (ιιι)
466 2054 503 2122 de
527 2054 626 2121 modis
648 2055 759 2140 quibus
781 2054 926 2121 adversus
940 2053 1073 2122 Tuscum
1095 2056 1216 2122 bostem
1234 2070 1427 2122 communem

175 2171 341 2239 christiane
363 2171 436 2237 fidei
457 2172 490 2238 et
512 2172 675 2238 soetatorm
698 2172 792 2238 nimis
816 2172 878 2237 alte
900 2171 1049 2238 iacturum
1065 2171 1180 2238 uisanie
1203 2168 1356 2239 semmam
1377 2186 1427 2238 me

175 2287 305 2356 obiicere
326 2287 451 2372 possim
474 2287 555 2356 siout
575 2287 670 2354 latius
692 2307 728 2354 ex
750 2286 867 2371 prefato
890 2288 1007 2354 oratore
1027 2305 1098 2355 cneo
1120 2288 1176 2354 hee
1198 2285 1302 2354 omnis
1316 2288 1348 2354 et
1370 2304 1428 2370 que

175 2423 210 2470 er
232 2403 297 2470 illis
313 2403 484 2489 dependent
497 2403 659 2488 intelliget
704 2405 829 2490 Rogans
851 2403 936 2472 omni
958 2401 1048 2470 filiali
1063 2402 1163 2471 studio
1181 2405 1340 2488 paternam
1362 2404 1426 2470 cle·

175 2521 325 2588 mentiam
346 2521 480 2587 vestram
503 2520 620 2586 utnon
643 2519 732 2587 modo
754 2519 815 2606 ipsi
838 2519 981 2587 referenti
995 2538 1084 2587 annes
1108 2538 1179 2586 enas
1202 2520 1327 2604 prebere
1344 2519 1427 2599 velit,

176 2635 230 2702 sed
251 2635 345 2702 etium
368 2635 451 2702 cordi
473 2636 505 2700 et
526 2653 563 2702 ea
584 2633 644 2701 fids
666 2635 818 2720 percipere
840 2637 876 2702 ut
897 2636 963 2722 ipse
979 2636 1111 2706 sentum
1134 2636 1166 2702 st
1188 2653 1276 2720 opem
1298 2636 1330 2706 et
1352 2652 1425 2702 con·

176 2751 355 2819 solationem
373 2750 572 2818 beatitudinis
588 2770 615 2817 v.
631 2769 705 2817 nam
719 2770 754 2818 eo
769 2769 818 2818 res
833 2751 924 2818 rediit
938 2753 974 2818 ut
987 2751 1066 2819 meis
1080 2751 1198 2818 viribus
1219 2752 1311 2837 longe
1327 2751 1428 2836 impar

175 2867 235 2934 eim
256 2867 293 2934 ut
307 2867 358 2934 vel
379 2866 469 2933 ultori
491 2865 628 2933 bostium
650 2885 700 2934 me
722 2885 881 2952 opponam.
926 2867 967 2934 lot
988 2869 1093 2935 tamen
1107 2866 1252 2947 decimus,
1274 2867 1310 2934 ut
1332 2867 1428 2946 munt

174 2984 301 3050 mustus
329 2982 494 3050 ananum
524 2983 587 3062 est,
617 3001 708 3068 quem
737 2983 832 3052 alacri
860 2983 971 3052 affecta
999 2983 1209 3069 intrepidoque
1238 2984 1270 3051 et
1298 2983 1427 3050 infracta

172 3097 277 3165 animo
298 3097 365 3183 ipse
384 3117 443 3183 ego
465 3097 601 3183 experiar
622 3099 696 3165 dum
719 3098 799 3166 mibi
821 3098 901 3166 vires
930 3098 1053 3166 abunde
1078 3099 1270 3185 suppeditato
1298 3099 1427 3176 inerint3

172 3233 249 3300 quas
263 3216 300 3281 ut
321 3213 507 3282 confidenter
520 3215 638 3300 requiro
660 3215 705 3282 ita
727 3217 850 3300 propter
871 3233 1063 3285 communem
1087 3217 1309 3297 nementatem
1331 3235 1428 3302 neque

173 3329 256 3398 enim
278 3329 338 3396 soli
358 3329 437 3396 mibi
460 3347 561 3398 seram
582 3332 614 3398 et
637 3332 761 3412 motum,
784 3350 835 3400 me
858 3351 945 3417 spero
962 3331 1428 3418 emmeramensem

173 3463 231 3530 qno
253 3443 332 3513 mihi
355 3445 454 3514 adbuc
474 3465 536 3514 ana
558 3447 668 3514 salutis
692 3466 761 3532 spes
784 3450 904 3525 manet;
927 3448 1013 3516 cuins
1036 3447 1144 3516 edoctu
1159 3449 1196 3516 ut
1217 3447 1306 3534 digni
1328 3447 1426 3516 simm

172 3561 266 3630 faciat
280 3559 429 3642 Christus,
454 3562 519 3630 sine
534 3563 620 3632 caius
643 3563 745 3631 avere
760 3563 907 3648 quidquid
925 3565 1072 3632 mortales
1096 3565 1194 3650 agunt
1207 3564 1312 3632 iumm
1334 3565 1382 3634 eet
1396 3566 1428 3631 et

172 3676 288 3745 umbra
334 3677 424 3746 Hunc
437 3678 564 3746 interim
586 3698 642 3766 ego
657 3679 783 3766 iugibus
804 3681 944 3765 precibus
966 3681 1095 3766 pulsabo
1110 3683 1147 3748 nt
1161 3679 1287 3750 andem
1302 3679 1427 3766 apariat

171 3792 341 3880 misereque
355 3793 503 3862 afflictam
525 3795 783 3864 christianitatem
798 3795 942 3882 respiciat
963 3797 996 3864 st
1020 3796 1251 3866 sanctissimum
1273 3797 1427 3883 pastorem

171 3925 306 3996 mueqm
327 3909 508 3995 vigilantem
538 3929 631 3997 quam
661 3910 837 3979 diutissime
865 3915 1033 3980 consumet
1078 3913 1195 3980 Datum
1217 3911 1427 3997 Nuremberge

171 4022 221 4092 die
242 4025 312 4093 xvii
336 4025 452 4093 menda
473 4026 660 4094 Decembris.
704 4028 796 4095 Anno
817 4028 935 4096 domini
956 4027 1091 4096 mdxxiii.

394 4139 531 4208 Humilis
553 4145 585 4210 et
607 4142 776 4229 obsequens
798 4143 882 4211 iilius
904 4143 1115 4214 ltcrdinundns
1136 4164 1165 4228 p.
1182 4142 1248 4212 His.
1264 4162 1306 4210 ar.
1321 4143 1425 4210 Austr.

1132 4259 1181 4326 Ja
1203 4256 1335 4343 Spiegel

259 4487 373 4555 Eodem
389 4487 438 4557 die
454 4489 562 4556 senos
576 4490 714 4576 pontifici
728 4490 808 4558 inter
823 4491 900 4559 alia:
927 4492 1029 4579 „Opto
1044 4493 1156 4572 sutem
1172 4509 1214 4578 ps
1232 4487 1424 4558 mncdssime
