3380 5088
712 401 956 470 -297-

207 603 350 690 regimini
365 603 445 672 dicte
459 601 593 671 civimtis
609 600 804 687 presidentes,
820 602 859 668 ad
874 620 948 687 quos
963 601 996 668 id
1010 597 1190 686 pertinebat,
1209 598 1243 662 ut
1258 613 1319 662 une
1334 593 1384 660 vel
1399 591 1457 659 due

173 701 177 730 '
206 721 341 788 fornaces
364 721 530 798 dumtamt
552 721 588 785 ut
608 719 765 804 prefertur,
786 720 820 787 in
835 719 971 804 predicta
992 717 1116 786 civitate
1134 712 1305 791 existerent,
1328 711 1360 777 et
1376 708 1457 795 quod

206 837 258 906 illc
280 842 389 905 extunc
404 837 539 904 decetero
561 855 615 921 per
637 837 771 922 aliquem
791 837 889 904 civem
911 836 1008 920 ipsius
1030 833 1165 901 civitatis
1187 832 1218 897 et
1249 846 1310 896 non
1331 847 1385 911 per
1406 825 1455 892 fo·

206 973 335 1034 rensem,
358 973 428 1021 cum
442 973 531 1021 onere
552 953 770 1020 manutenendi
791 956 828 1020 ut
841 953 922 1020 vitra
943 953 976 1018 iu
999 952 1089 1018 solito
1111 948 1208 1035 pretio
1224 965 1277 1032 per
1298 944 1456 1012 civitatem

206 1071 238 1136 et
259 1071 427 1138 tenimenta
453 1069 628 1136 huiusmodi
656 1071 826 1136 necessario
848 1069 963 1150 herent,
986 1067 1187 1146 decreverant,
1210 1082 1245 1130 ac
1267 1063 1377 1129 extunc
1397 1058 1454 1124 Jo-

207 1189 303 1255 banni
324 1190 355 1254 et
370 1187 515 1254 fratribus
530 1186 675 1271 predictis
697 1207 752 1272 pro
768 1207 801 1254 se
816 1189 847 1254 et
868 1205 973 1253 corum
987 1185 1150 1252 heredibus
1173 1184 1204 1248 et
1223 1179 1455 1256 successoribus,

207 1308 242 1371 ut
264 1304 325 1388 ipsi
347 1305 506 1370 dumtaxat
528 1322 622 1370 unam
644 1305 692 1371 vel
716 1304 791 1370 duas
815 1304 950 1370 fornaces
973 1301 1149 1368 huiusmodi
1170 1302 1237 1367 heri
1259 1299 1402 1376 facerent,
1425 1297 1456 1363 et

206 1423 285 1507 quod
313 1421 429 1489 nemini
457 1421 563 1489 liceret
585 1422 642 1487 sub
671 1423 753 1488 certa
775 1421 949 1506 pecuniaria
970 1439 1048 1506 pena
1076 1439 1131 1505 pro
1152 1437 1215 1484 una
1235 1434 1354 1483 camere
1376 1412 1456 1480 dicte

206 1538 350 1619 civimtis,
373 1541 404 1606 et
418 1557 472 1624 pro
496 1539 558 1605 alia
573 1537 790 1606 medietatibus
814 1557 890 1622 pene
904 1537 1080 1604 huiusmodi
1093 1535 1230 1603 Johanni
1252 1535 1283 1600 et
1300 1530 1455 1608 fratribus,

206 1675 241 1724 ac
262 1657 424 1724 heredibus
446 1657 479 1724 et
500 1655 723 1722 successoribus
744 1654 889 1740 predictis
904 1654 1092 1740 applicanda,
1114 1653 1209 1720 aliam
1230 1651 1384 1718 fornacem
1405 1648 1454 1716 vi·

205 1775 322 1840 trorum
340 1773 373 1839 in
388 1772 512 1840 civitate
534 1774 565 1839 et
586 1772 754 1840 tenimento
768 1771 912 1857 predictis
927 1771 994 1839 heri
1008 1772 1114 1851 facore,
1129 1771 1332 1846 concesseram
1354 1768 1455 1836 dictus

205 1891 397 1976 predecessor
418 1889 458 1956 ad
481 1889 734 1974 supplicationem
762 1889 914 1956 Johannis
936 1891 967 1956 et
990 1889 1120 1955 tranum
1142 1886 1345 1973 predictorum
1368 1904 1453 1952 asse·

205 2007 338 2073 rentium
360 2005 541 2101 tuncquod
564 2005 717 2090 qnondam
739 2006 882 2092 Baptista
905 2007 941 2074 de
963 2005 1116 2072 Malviciir
1146 2023 1250 2072 eornm
1272 2001 1401 2089 genitor,
1423 2003 1455 2068 et

204 2123 299 2189 etium
321 2122 383 2208 ipsi
404 2142 459 2208 pro
481 2122 708 2189 conservatione
737 2123 837 2188 status
860 2122 941 2188 dicte
970 2121 1105 2188 civitatis
1134 2120 1302 2206 plurimum
1330 2118 1452 2184 labora-

204 2241 319 2319 verant
342 2241 373 2305 et
395 2237 474 2323 qnod
495 2237 650 2305 interdum
672 2238 806 2305 forenses
828 2257 883 2323 pro
905 2237 1083 2305 huiusmodi
1104 2236 1277 2303 fomccibns
1299 2233 1362 2301 nisi
1384 2252 1454 2299 cum

204 2354 387 2422 difficultate
408 2354 515 2420 haberi
536 2373 598 2421 non
620 2355 768 2438 poterant,
798 2354 847 2420 vel
871 2354 899 2420 si
920 2354 1111 2432 haberentur,
1141 2352 1241 2419 eidem
1264 2351 1360 2418 statui
1383 2369 1452 2416 sns-

203 2471 284 2556 pecti
306 2471 484 2550 existebant,
508 2472 540 2536 ct
570 2470 649 2556 quod
672 2471 724 2536 ille
747 2469 842 2536 etiam
870 2490 941 2537 cum
969 2469 1079 2536 maiori
1108 2468 1269 2554 diligentia
1298 2486 1351 2552 per
1372 2466 1467 2532 cives'

203 2606 295 2672 quam
317 2586 452 2653 forenses
474 2585 541 2652 heri
562 2588 594 2653 et
615 2586 807 2654 manuteneri
828 2587 977 2671 poterant
1000 2585 1154 2653 decretum
1176 2586 1208 2651 ct
1228 2583 1453 2651 concessionem

202 2701 378 2770 huiusmodi
399 2703 498 2769 ratam
514 2703 546 2770 ct
567 2704 690 2787 gmtam
704 2702 829 2780 habens,
851 2702 907 2769 illa
922 2720 976 2787 per
997 2700 1145 2787 quasdam
1164 2719 1235 2767 snas
1256 2699 1454 2785 approbasset

202 2799 234 2886 et
255 2819 480 2899 confirmasset,
506 2837 542 2885 ac
563 2820 706 2904 perpetuo
736 2819 896 2885 statuisset
925 2821 956 2885 et
977 2817 1162 2896 ordinasset,
1193 2816 1272 2902 quod
1295 2816 1352 2881 sub
1375 2832 1453 2899 pena

202 2935 355 3002 antedicta
376 2934 456 3001 nulli
484 2934 579 3000 etiem
600 2936 674 3001 tunc
695 2935 732 3001 de
762 2937 860 3003 cetero
889 2935 995 3002 liceret
1016 2934 1050 3000 in
1073 2933 1197 3000 civitate
1225 2933 1256 2998 et
1283 2931 1452 2998 tenimento

201 3050 345 3136 predictis
367 3050 502 3118 fornaces
522 3050 670 3118 vitrorum
692 3050 869 3117 huiusmodi
891 3050 958 3117 fieri
980 3049 1085 3130 facere,
1108 3051 1300 3134 preterquam
1316 3046 1452 3114 Johanni

201 3169 232 3234 et
247 3167 401 3245 hatribus,
424 3165 636 3233 coheredibus
658 3167 690 3231 et
705 3167 930 3234 comessoribus
946 3165 1117 3245 antedictis,
1140 3166 1172 3231 et
1193 3164 1258 3231 illis
1274 3159 1450 3230 cedentibus

200 3283 249 3349 vel
280 3281 494 3349 decedentibus
523 3282 577 3348 aut
605 3281 824 3361 deficientibus,
857 3282 910 3348 uni
932 3283 981 3348 vel
1010 3282 1149 3366 pluribus
1181 3279 1308 3358 civibus,
1340 3277 1451 3364 quibus

200 3397 328 3482 predicti
344 3397 474 3464 sedecim
497 3397 556 3463 viri
578 3397 615 3463 de
630 3415 778 3464 consensu
800 3398 896 3483 legati
920 3397 1000 3464 sodis
1017 3398 1180 3483 apostolice
1201 3397 1235 3463 in
1250 3395 1357 3463 eadem
1372 3392 1449 3459 civi-

201 3515 265 3580 tato
286 3534 341 3599 pro
363 3516 498 3599 tempore
521 3514 679 3581 existentis
702 3514 846 3581 ducerent
867 3513 1105 3591 concedendum
1128 3515 1160 3580 ct
1181 3512 1289 3580 deinde
1310 3512 1360 3597 pie
1383 3530 1450 3580 me·

200 3631 296 3696 morie
324 3630 384 3696 Iao
405 3648 485 3714 papa
506 3628 545 3696 X.
575 3632 648 3696 tunc
676 3629 868 3714 predecessor
897 3632 999 3697 nostm
1028 3630 1065 3696 dc
1093 3629 1220 3710 decreto,
1250 3629 1450 3711 concessione,

200 3745 435 3824 confirmatione,
459 3745 574 3810 statuto
597 3747 629 3811 et
651 3745 840 3812 ordinatione
862 3745 1015 3831 predictis,
1042 3763 1078 3812 ec
1100 3745 1242 3812 omnibus
1265 3747 1296 3812 et
1319 3745 1451 3830 singulis

200 3861 233 3926 in
256 3860 300 3926 cis
315 3860 466 3927 contentis
488 3861 611 3944 plenam
634 3863 666 3927 et
683 3861 889 3929 indubitatam
904 3861 1051 3929 noticiam
1074 3860 1199 3942 habens,
1223 3879 1259 3926 ac
1280 3860 1449 3943 attendens,

200 3975 279 4061 quod
301 3974 366 4060 ipse
388 3975 448 4041 Ieo
470 3975 665 4060 predecessor
687 3995 793 4044 omnes
816 3977 854 4044 de
875 3975 995 4045 famssia
1017 3977 1153 4061 predicta
1175 3977 1213 4044 de
1235 3975 1388 4044 Malviciis
1411 3978 1450 4045 nd

199 4089 303 4156 omnia
324 4091 403 4156 bona
432 4091 464 4156 et
490 4091 556 4156 iura
578 4091 624 4157 eis
646 4094 677 4159 et
699 4092 826 4160 cuilibet
854 4111 958 4160 eorum
981 4093 1052 4159 ante
1075 4111 1179 4159 eorum
1202 4093 1409 4178 expulsionem
1432 4113 1451 4160 a

199 4205 280 4271 dicta
310 4205 433 4271 civitate
463 4206 689 4289 quomodolibet
717 4207 921 4292 competentia
948 4209 1036 4293 plene
1065 4208 1256 4288 restituerat,
1286 4207 1449 4288 decretum,

199 4319 431 4399 concessionem,
461 4323 613 4389 statutum
635 4326 666 4390 et
695 4323 916 4390 ordinationem
945 4323 1080 4409 predicta
1110 4325 1195 4390 motn
1217 4324 1337 4409 proprio
1360 4326 1392 4390 et
1414 4343 1449 4390 er

199 4438 281 4503 cena
303 4435 443 4517 sciencia,
466 4455 501 4504 ac
523 4438 561 4504 de
583 4438 747 4523 apostolice
762 4439 924 4524 potestatis
946 4438 1135 4524 plenitudine
1158 4459 1212 4524 per
1226 4439 1304 4506 alias
1327 4457 1398 4506 snae
1415 4440 1449 4506 in

197 4553 295 4621 forma
317 4551 418 4620 brevis
440 4553 560 4622 litteras
588 4555 798 4622 confirmasset
820 4557 851 4622 et
873 4557 1079 4640 approbasset,
1109 4555 1302 4623 decernentes
1325 4555 1448 4625 irritam
