3396 5090
666 351 910 417 -161—

160 550 251 617 ritate
282 548 462 634 interposita
492 547 644 614 adiuvisse
674 566 797 613 oausam
822 547 1026 613 Bohemorum
1049 549 1225 634 algentem
1256 549 1342 617 1111111
1373 551 1412 618 ud

160 666 310 732 unitatem
333 667 364 732 et
386 663 612 730 observantiam
628 661 757 730 Sanctae
772 661 860 729 Sedis
883 663 1064 747 apostolieae
1087 663 1241 732 hortetam
1257 667 1409 746 11111111

160 781 249 849 nobis
263 781 438 848 acciderunt
452 779 640 864 gratissima,
663 797 698 844 ae
713 781 799 844 tanto
822 779 957 862 gradem
972 779 1052 863 quod
1074 780 1129 845 abs
1145 782 1176 846 te
1190 783 1324 864 profecte
1340 787 1412 850 sunt

161 898 194 964 in
215 915 274 982 quo
289 915 357 963 vere
372 895 475 962 omniu
497 895 607 978 optimi
622 895 703 978 regis
726 894 826 961 efficia
849 897 880 960 et
895 913 1022 960 munera
1038 913 1157 980 semper
1172 900 1411 984 recognovimus,

161 1033 196 1078 ne
219 1012 347 1078 uirtutes
369 1011 492 1096 quidem
515 1011 610 1077 etiam
632 1011 747 1076 ceteras
770 1011 906 1089 eximias,
931 1011 984 1077 sed
1006 1010 1095 1076 illam
1111 1013 1268 1097 religionis
1290 1017 1322 1080 et
1345 1015 1410 1098 pie·

161 1131 235 1194 tetis
265 1126 446 1205 maximam,
476 1145 553 1212 quae
582 1143 643 1191 uns
672 1125 815 1191 maximis
846 1125 969 1210 regibus
999 1127 1157 1211 praecipue
1186 1128 1280 1213 digna
1310 1134 1358 1196 est
1381 1135 1412 1196 ct

162 1263 280 1328 semper
303 1243 369 1308 fuit
409 1241 467 1308 Sed
483 1242 542 1308 etsi
556 1259 647 1307 causa
670 1240 726 1306 illa
740 1240 875 1307 nondum
891 1240 930 1307 ad
952 1260 1021 1308 eum
1037 1243 1090 1326 qui
1105 1245 1283 1326 sperabatur
1298 1247 1412 1314 exitum

160 1360 305 1445 perducta
327 1359 382 1438 est,
404 1361 562 1444 propterea
577 1356 657 1442 quod
678 1357 728 1423 his
750 1357 834 1423 dum's
850 1355 1085 1442 difficilibusque
1100 1361 1296 1444 temporibus,
1315 1340 1420 1430 fretus

162 1473 360 1542 multitudino
388 1473 552 1558 impierum
575 1475 605 1540 et
635 1474 858 1552 sceleratorum,
882 1471 1033 1539 Sathanas
1056 1475 1159 1541 omnia
1180 1476 1218 1543 sd
1243 1497 1275 1543 11
1304 1480 1413 1546 nititur·

161 1609 308 1670 revocare,
331 1590 511 1657 confidimus
534 1592 637 1655 tumen
661 1589 791 1655 Domino
807 1590 879 1666 Deo,
902 1591 934 1655 et
955 1589 988 1654 in
1011 1589 1171 1673 prudentie
1193 1595 1284 1677 etque
1307 1599 1413 1662 aueto-

162 1709 252 1774 ritate
275 1708 329 1773 tue
351 1724 497 1790 magnum
520 1724 605 1789 spem
629 1705 808 1771 collocatam
829 1706 986 1785 hebemus,
1010 1706 1071 1773 fore
1094 1707 1227 1790 aliquem
1249 1710 1413 1795 aliquando

163 1822 276 1890 nostris
292 1821 450 1888 desideriis
473 1820 592 1887 aditum
606 1823 638 1886 et
660 1820 698 1886 ed
720 1821 792 1886 illes
807 1821 1012 1887 Bohemmum
1034 1842 1082 1888 res
1098 1826 1129 1888 et
1151 1824 1190 1889 ad
1204 1827 1320 1892 multas
1335 1829 1413 1894 alias

163 1938 394 2024 componendus,
410 1935 491 2021 quod
513 1937 557 2003 ita
572 1937 705 2021 petimus
721 1939 752 2004 11
774 1957 932 2022 precemur
953 1937 1060 2004 donari
1075 1939 1163 2005 nobis
1186 1959 1204 2006 e
1220 1943 1414 2014 misericorde

165 2057 236 2134 Deo,
260 2054 288 2120 si
309 2053 343 2120 in
364 2053 437 2120 boni
458 2051 573 2137 publici
595 2054 627 2118 et
649 2052 884 2118 christianitatis
900 2053 1092 2120 commodum
1115 2075 1176 2123 non
1198 2058 1237 2124 ad
1260 2063 1413 2146 nosipsos

163 2169 267 2238 emnia
288 2171 392 2237 nestra
415 2167 517 2234 studia
531 2169 563 2234 11
585 2169 702 2233 labores
725 2167 891 2236 referimus.
936 2169 1008 2237 libi
1029 2170 1198 2255 quidemst
1219 2175 1341 2260 agimus
1359 2197 1413 2262 pro

163 2305 199 2354 ee
222 2305 292 2352 cura
315 2303 407 2369 quam
428 2283 462 2349 in
484 2284 550 2349 tarn
574 2283 713 2349 sanctum
742 2303 817 2368 opus
847 2284 1016 2369 suscepisti,
1045 2289 1077 2353 et
1099 2290 1134 2353 ut
1156 2288 1294 2357 videmus
1324 2311 1413 2378 saepe

163 2401 262 2468 acturi
276 2419 382 2466 sumus
396 2399 522 2483 gratias,
545 2400 741 2483 nostrumque
757 2399 790 2464 in
814 2401 842 2466 te
858 2417 992 2466 amorem
1008 2401 1122 2484 optime
1146 2422 1264 2489 semper
1279 2407 1411 2475 locatum

163 2515 298 2602 quotidie
321 2515 421 2599 magis
444 2533 554 2599 augere
569 2532 629 2580 non
653 2513 830 2593 desinimus,
853 2515 931 2599 quod
947 2516 1067 2582 utinam
1089 2517 1148 2584 tibi
1171 2539 1329 2604 possemus
1352 2525 1412 2592 ali·

164 2632 284 2718 quando
306 2633 342 2697 ut
364 2631 504 2714 cupimus
518 2631 678 2697 declarare.
717 2631 757 2696 111
779 2631 921 2714 quoniam
945 2631 982 2698 de
998 2632 1047 2697 his
1070 2635 1101 2698 et
1123 2634 1193 2700 11111
1208 2639 1316 2704 multis
1336 2643 1412 2707 sori·

166 2749 268 2816 bimus
291 2746 330 2813 ed
346 2745 554 2829 supradictum
569 2747 713 2812 beronem
735 2745 881 2812 nuncium
895 2749 1034 2813 nostrum
1049 2751 1083 2813 ut
1099 2751 1172 2834 aget
1186 2753 1287 2820 verbis
1303 2758 1415 2823 nestris

167 2883 237 2930 cum
267 2869 348 2928 111.11
380 2864 442 2940 tua,
472 2880 507 2926 ac
535 2881 606 2927 curn
628 2880 664 2928 11
686 2860 739 2926 ubi
769 2861 827 2926 erit
849 2880 924 2946 opus
946 2862 1050 2929 11111111
1079 2865 1229 2947 conterat,
1258 2868 1417 2939 hortamur

168 2985 273 3047 ser.tem
297 2979 384 3044 tuem
406 2977 439 3045 in
460 2977 592 3044 Domino
616 2979 651 3043 ut
672 2977 701 3044 ei
722 2977 756 3043 in
779 2979 896 3044 cunctis
918 2977 1010 3045 fidem
1033 2999 1186 3048 summam
1209 2983 1320 3052 hebere
1336 2988 1416 3056 velit.

168 3095 225 3162 Oui
247 3115 316 3162 cum
339 3092 511 3160 dederimus
533 3092 627 3158 etiam
650 3093 727 3158 11111
748 3093 783 3159 in
805 3093 959 3160 mendatis
981 3097 1025 3173 ut,
1049 3095 1078 3161 si
1099 3097 1288 3183 contingeret
1311 3107 1416 3168 serem

168 3215 255 3278 tuem
277 3229 347 3277 eum
370 3223 468 3275 cerr.mo
489 3208 523 3274 in
546 3207 666 3274 Christo
689 3208 753 3274 filio
776 3211 879 3275 nostro
894 3208 1044 3277 Ludevico
1059 3211 1196 3296 Ungerie
1217 3235 1289 3300 rege
1311 3221 1418 3303 nepote

170 3329 222 3393 tuo
245 3324 396 3410 coniungi
419 3323 567 3409 quaedam
590 3324 649 3390 tibi
663 3325 694 3391 et
708 3323 757 3390 illi
779 3326 883 3390 nostra
906 3325 1051 3392 mandata
1065 3331 1225 3410 exponeret
1246 3333 1278 3396 11
1299 3332 1420 3402 litteras

170 3441 316 3520 redderet,
339 3439 399 3506 1111
420 3439 611 3524 aliquantum
641 3442 812 3522 temporum
835 3442 882 3508 111
905 3442 1024 3508 mutate
1047 3443 1187 3522 mnditia,
1217 3447 1320 3513 tumen
1343 3467 1419 3532 que·

172 3557 257 3624 niem
279 3555 385 3623 eadem
407 3555 463 3621 1111
485 3573 562 3640 quae
583 3555 617 3621 in
640 3555 730 3622 dictis
760 3556 872 3622 litteris
895 3558 1093 3640 poscebamus
1116 3578 1196 3625 nunc
1219 3579 1336 3646 qnoque
1359 3583 1419 3630 non

172 3673 275 3739 minus
297 3690 390 3756 quam
411 3671 466 3737 ille
489 3672 624 3754 tempore
647 3671 794 3754 cupimus,
821 3673 933 3738 iterum
956 3673 1089 3756 petimus
1113 3693 1131 3738 e
1152 3677 1185 3741 te
1207 3678 1242 3742 ut
1263 3676 1318 3743 illa
1341 3698 1420 3763 quc·

173 3807 231 3873 que
253 3787 356 3854 audire
386 3787 559 3852 1111111111
588 3787 689 3871 legere
712 3787 857 3871 nobisque
886 3789 933 3854 vel
957 3789 1020 3855 Deo
1043 3789 1245 3873 omnipotenti
1267 3794 1368 3876 potius
1392 3797 1423 3861 et

173 3902 356 3987 reipublicae
379 3901 564 3968 christianae
579 3901 672 3968 saluti
688 3901 811 3968 solitam
826 3905 911 3968 tuam
930 3903 1074 3970 virtutem
1097 3907 1128 3972 et
1143 3925 1264 3991 operam
1288 3911 1423 3992 prestare

174 4017 259 4086 velis.
306 4015 394 4099 Quod
423 4017 515 4083 iacies
538 4018 625 4084 nobis
655 4037 746 4102 supro
769 4019 871 4084 omnia
899 4019 1120 4102 gratissimum.
1168 4024 1283 4089 Datum
1307 4025 1423 4092 Romae

175 4133 224 4200 die
247 4133 266 4200 1.
288 4133 367 4200 Julii
389 4132 506 4199 mdnnv.
552 4133 641 4199 Anno
664 4134 801 4200 secundo.
