3364 5102
788 409 1033 488 ..366-

282 615 532 701 opulentissimae
554 613 721 683 Mediolani
750 615 876 682 abillis
905 616 1045 701 receptio.
1091 614 1157 699 Quo
1180 618 1316 703 tempore
1344 639 1414 686 eum
1442 619 1550 688 duces

282 733 330 799 tui
352 733 389 798 de
404 732 578 799 defensione
592 731 717 798 illarum
740 731 899 816 regionum
915 751 1000 817 spem
1016 734 1114 798 totam
1130 733 1304 816 posuissent
1326 753 1362 801 ac
1377 734 1413 800 de
1429 754 1549 800 earum

282 848 406 934 insuper
429 867 504 934 quae
527 848 700 913 166666661
721 847 860 932 propriae
878 848 1011 932 periculo
1034 851 1309 926 commoverentun
1332 869 1387 916 nos
1409 869 1481 918 vero
1508 851 1548 915 in

283 985 395 1049 magno
418 967 450 1029 et
464 965 637 1030 nostrarum
660 982 761 1029 rerum
776 964 860 1029 metu
883 982 1035 1042 ossemue3
1057 964 1101 1029 eis
1117 965 1366 1032 conventionibus
1381 985 1548 1032 occurrere

282 1080 379 1146 coacti
401 1079 516 1145 fuimns
538 1078 713 1145 imminenti
735 1079 876 1163 periculo,
899 1098 974 1164 quas
997 1081 1032 1144 tu
1047 1079 1161 1164 optime
1183 1082 1274 1160 nosti,
1296 1101 1331 1146 ex
1353 1081 1464 1165 quibus
1489 1081 1546 1146 vi-

283 1195 359 1261 disti
380 1198 415 1260 tu
436 1195 570 1279 profecto
593 1196 624 1260 et
646 1193 816 1278 cognovisti
846 1214 923 1279 6666
946 1195 1033 1261 66116
1056 1197 1137 1260 66661
1159 1215 1239 1275 cura,
1263 1216 1339 1281 quae
1362 1198 1462 1263 cautio
1489 1217 1544 1263 re-

283 1331 352 1376 rum
375 1312 506 1390 tuarum,
535 1329 605 1376 cum
628 1309 828 1375 nihilominus
858 1310 917 1377 tibi
946 1310 1094 1395 rebusque
1117 1309 1189 1390 hiis,
1219 1330 1311 1396 quarn
1334 1313 1366 1378 et
1393 1311 1486 1378 nobis
1510 1313 1547 1378 et

283 1425 396 1491 nostris
418 1443 601 1491 caveremus.
633 1425 698 1490 Hoc
720 1425 754 1489 16
770 1425 798 1489 61
820 1425 910 1504 66611,
932 1444 1009 1510 quae
1032 1426 1070 1491 ad
1085 1428 1116 1492 16
1131 1429 1211 1492 certe
1233 1431 1442 1512 pervenenmt,
1457 1428 1546 1494 nihil

283 1559 358 1625 opus
373 1543 420 1606 est
435 1540 521 1606 illius
536 1539 683 1624 temporis
706 1541 841 1606 cotiones
856 1542 978 1607 nostras
994 1543 1188 1626 comprobare
1203 1541 1284 1627 apud
1299 1545 1338 1623 te,
1362 1543 1541 1628 singulare-

284 1677 341 1741 que
363 1656 514 1741 quoddam
539 1655 675 1721 studium
698 1657 837 1722 nostrum
861 1657 961 1721 status
976 1657 1160 1742 honorisque
1182 1658 1228 1724 tui
1251 1657 1424 1736 ostendere;
1447 1659 1542 1725 facile

283 1774 366 1839 enim
389 1773 445 1839 hos
468 1773 527 1838 tibi
549 1792 598 1838 res
621 1771 688 1856 ipsa
718 1771 898 1849 declaravit;
930 1773 978 1838 sin
1001 1775 1105 1839 autem
1128 1774 1176 1840 vel
1205 1793 1267 1841 non
1296 1773 1466 1859 cognovisti
1491 1774 1541 1840 vel

283 1888 397 1956 oblitus
412 1908 453 1966 es,
477 1888 535 1953 erit
550 1890 671 1970 tempus
687 1887 876 1954 commodius
891 1906 950 1972 quo
964 1889 1026 1954 iste
1040 1908 1225 1974 exponamus
1240 1908 1317 1974 quae
1331 1891 1363 1956 61
1378 1887 1539 1955 Gallorum

282 2005 448 2070 transitum
462 2005 496 2069 in
511 2003 556 2069 tui
572 2003 659 2088 regni
673 2001 750 2068 fines
765 2003 873 2070 multis
888 2005 977 2071 rebus
1000 2005 1111 2070 tentati
1126 2003 1241 2070 fuimus
1256 2005 1287 2072 et
1302 2024 1380 2084 oum,
1397 2005 1424 2070 si
1440 2005 1536 2070 socie·

283 2121 342 2186 tati
364 2139 468 2185 eorum
491 2119 694 2184 voluissemus
710 2119 804 2202 sequi,
827 2118 962 2185 maxima
976 2120 1064 2186 nobis
1080 2120 1198 2204 premia
1220 2139 1281 2185 non
1304 2121 1403 2187 solnm
1426 2139 1535 2205 propo·

283 2235 434 2314 narentur,
458 2234 508 2300 sed
532 2235 626 2301 etiam
642 2235 744 2300 essent
766 2236 881 2318 parata,
905 2236 944 2299 61
959 2235 1102 2301 instituto
1127 2236 1229 2300 nostro
1253 2254 1313 2301 non
1328 2235 1534 2310 discessimus,

284 2352 411 2435 plusque
426 2349 507 2434 apud
522 2369 576 2415 nos
592 2349 745 2415 amicitiae
768 2351 839 2415 tuae
854 2351 1001 2416 memoria
1024 2369 1116 2434 quam
1131 2351 1283 2434 premium
1307 2350 1408 2416 ullum
1431 2349 1533 2416 valuit.

284 2465 394 2532 Secuta
423 2467 471 2531 est
493 2465 619 2532 victoria
649 2467 780 2546 tuorum,
809 2465 952 2531 advorsos
975 2463 1090 2546 Gallos,
1120 2485 1180 2550 qua
1203 2465 1312 2550 adepta
1335 2485 1406 2532 cnm
1435 2464 1534 2530 omnis

283 2581 372 2648 nobis
396 2581 517 2647 sublata
532 2581 684 2647 contentio
708 2581 868 2660 videretur,
891 2600 1020 2665 cumque
1035 2601 1102 2646 eam
1127 2581 1192 2647 sine
1208 2581 1386 2665 cupiditatis
1409 2581 1440 2646 61
1463 2600 1532 2663 par·
1647 2573 1648 2576 ’

283 2697 363 2762 tium
391 2697 558 2780 suspitione
586 2697 645 2763 tibi
668 2696 838 2763 videremur
868 2696 962 2762 etiam
986 2696 1114 2764 foederis
1137 2697 1257 2764 1166616
1287 2698 1412 2764 haerere
1439 2715 1533 2781 posse,
1647 2751 1648 2774 ,

283 2831 490 2897 magnumque
512 2812 546 2878 in
568 2832 601 2879 eo
625 2813 802 2879 benefitium
825 2813 935 2878 Italiae
964 2814 996 2878 61
1018 2813 1253 2879 christianitatis
1283 2813 1378 2880 totius
1401 2814 1533 2897 positum

284 2928 517 3005 arbitraremur;
548 2946 609 2994 non
640 2926 727 2994 fedus
752 2929 851 2995 solnm
874 2928 1011 3008 fecimus,
1044 2929 1097 2995 sed
1121 2947 1179 3013 qno
1211 2929 1258 2995 tui
1289 2929 1381 2996 duces
1412 2931 1533 3014 egentes

284 3044 428 3129 pecuniae
465 3044 545 3111 alere
582 3045 614 3108 et
643 3043 793 3110 sustinere
829 3044 993 3111 exercitum
1031 3046 1173 3128 possent,
1207 3063 1335 3129 cumque
1366 3062 1385 3109 a
1422 3043 1533 3109 nostris

285 3160 398 3225 finibus
420 3160 603 3225 abducerent
632 3161 754 3225 centum
777 3158 841 3224 illis
865 3159 1004 3225 dedimus
1027 3158 1205 3226 ducatorum
1235 3159 1343 3240 millia,
1366 3158 1533 3226 conditione

285 3275 438 3360 apposite,
469 3277 504 3340 ut
534 3275 561 3340 si
584 3273 622 3340 de
646 3274 763 3341 foedere
793 3275 895 3358 611666
918 3274 1069 3341 dubitatio
1093 3275 1151 3341 tibi
1181 3275 1317 3356 oriretur,
1347 3275 1419 3340 illae
1449 3274 1532 3340 nobis
1647 3315 1648 3344 1

285 3391 428 3476 pecuniae
450 3390 697 3467 restituerentur3
720 3409 754 3456 eo
778 3389 894 3456 foedere
917 3392 972 3456 abe
996 3392 1026 3456 te
1049 3409 1110 3456 non
1127 3393 1217 3474 plane
1244 3392 1365 3475 accepto
1388 3409 1443 3456 nec
1464 3408 1531 3474 pro·
1647 3405 1648 3410 ’

285 3508 373 3585 1616,
408 3525 478 3571 cum
506 3509 629 3590 propter
657 3507 857 3572 emulationes
886 3505 1075 3590 quorundam
1104 3525 1139 3572 er
1171 3506 1298 3573 ducibus
1330 3507 1392 3572 tuis
1423 3506 1454 3573 et
1483 3505 1529 3570 in·
1647 3587 1648 3590 Ἴ

284 3625 374 3707 grata
395 3621 504 3688 ceteris
533 3622 660 3688 consilia
682 3623 729 3688 bo.
751 3642 809 3687 me.
832 3622 985 3688 Pisoariae
1007 3621 1143 3688 marchio
1168 3622 1315 3688 nonnulla
1337 3623 1529 3688 1661666166-
1647 3625 1648 3682 l

285 3741 425 3822 otareqne
448 3737 587 3821 cepisset
616 3757 693 3821 quae
719 3738 753 3802 in
775 3737 992 3804 detrimentum
1016 3739 1063 3803 161
1085 3739 1184 3805 616166
1207 3738 1326 3805 intendi
1348 3737 1529 3816 videbantur,

285 3871 399 3937 nosque
428 3853 484 3918 illa
507 3853 601 3918 etiam
631 3853 759 3919 consilia
788 3853 1020 3932 audivissemus,
1043 3873 1140 3939 neque
1168 3853 1286 3920 foedere
1310 3855 1397 3920 abste
1426 3853 1528 3918 reiecto
1647 3869 1648 3932 1

286 3987 423 4058 essemus
446 3967 567 4052 penitus
583 3969 745 4052 aspernati,
768 3971 926 4054 querentes
942 3969 1083 4035 videlicet
1107 3969 1134 4036 61
1149 3971 1183 4037 16
1198 3969 1287 4036 66116
1303 3971 1423 4036 deesses
1447 3965 1529 4033 sicuti

285 4084 349 4149 iam
373 4083 486 4164 deeras,
509 4085 562 4150 ubi
585 4103 743 4168 possemus
758 4085 817 4151 niti
833 4087 923 4169 61666
938 4085 1101 4162 confidere;
1125 4087 1192 4151 tum
1207 4104 1304 4170 nequo
1318 4085 1379 4170 ipsi
1394 4083 1434 4150 ad
1457 4083 1528 4148 16616

287 4199 406 4266 aditum
427 4201 527 4266 ullum
557 4201 752 4281 1661611666,
783 4202 814 4267 61
844 4201 982 4267 vincente
1005 4202 1090 4268 tuam
1113 4202 1146 4268 in
1175 4220 1230 4268 nos
1259 4201 1406 4268 duriham
1435 4217 1528 4264 amoro
1647 4191 1648 4248 ἓ

287 4335 360 4400 erga
375 4319 406 4381 te
421 4318 533 4396 nostro,
549 4316 741 4382 recordamur
755 4318 786 4382 16
801 4317 957 4384 admoneri
972 4317 1134 4384 mandasse
1148 4320 1185 4383 61
1198 4318 1289 4384 duces
1305 4321 1374 4383 tuos
1389 4317 1422 4382 in
1436 4315 1528 4392 Italia,
1647 4333 1648 4358 u

287 4450 415 4516 quorum
430 4432 463 4498 in
478 4451 572 4498 manu
595 4452 643 4499 res
658 4435 729 4500 tuae
744 4433 854 4513 essent,
870 4453 990 4500 curares
1006 4434 1043 4499 de
1058 4436 1088 4500 te
1111 4452 1177 4500 osse
1194 4433 1361 4513 contentos,
1383 4450 1442 4517 quo
1457 4432 1528 4498 certo

288 4547 387 4612 officio
418 4546 477 4613 tibi
501 4550 628 4632 probare
657 4548 833 4630 debuimus,
864 4568 931 4616 esse
955 4549 1043 4616 nobis
1068 4551 1260 4618 vehementer
1284 4567 1374 4616 curae
1404 4547 1526 4633 quietem
