3346 5084
777 326 930 396 -456
974 360 1020 376 -

273 525 304 591 et
327 522 518 609 singulorum
546 521 639 589 fidem
662 523 693 590 et
715 521 927 591 testimonium
949 524 1007 588 heo
1037 522 1192 606 presentes
1221 520 1328 588 literas
1350 540 1403 605 per
1425 521 1526 587 infra-

274 641 421 725 scriptum
444 638 597 707 nobnum
620 639 755 705 civitatis
770 640 932 706 Ravennae
955 637 1111 722 publicum
1134 657 1170 704 ac
1185 637 1317 703 scribam
1340 638 1373 704 in
1391 638 1528 723 presenti

272 776 364 824 causa
386 757 565 842 deputatum
588 755 681 821 scribi
703 757 735 821 et
758 755 908 821 subscribi
930 773 966 820 ac
989 754 1086 839 sigilli
1109 754 1208 821 nostri
1228 754 1429 838 impressione
1452 775 1526 820 mu-

273 874 333 940 uiri
356 872 570 940 mandavimus
592 873 624 937 et
645 871 801 937 iussimus.
847 871 962 936 Datum
985 871 1016 936 et
1038 872 1141 936 ectum
1164 871 1327 936 Ravennae
1354 870 1389 935 in
1411 870 1528 954 palatio

274 989 437 1056 &vennae
459 988 492 1054 in
514 988 578 1053 loco
594 988 698 1053 nostro
722 984 865 1071 deputato
881 987 931 1053 die
946 987 1096 1072 vigesima
1118 986 1233 1052 mensis
1248 985 1384 1071 Augusti
1406 985 1527 1052 mdxxx.

273 1105 333 1171 Pro
356 1102 376 1184 †
399 1103 510 1188 sigillo.
555 1102 689 1170 Jounuee
712 1103 891 1169 Frandscus
914 1103 1084 1169 Benincaeu
1106 1103 1243 1170 notarius
1258 1103 1420 1168 &vennae
1442 1119 1478 1167 ac
1495 1101 1529 1167 in

272 1219 407 1304 presenti
428 1238 519 1285 cause
540 1219 703 1303 deputatus
726 1219 869 1285 mundato
892 1221 948 1284 etc.

362 1334 486 1402 Eisdem
516 1353 594 1401 anno
624 1334 788 1400 indictione
817 1337 952 1418 tempore
983 1333 1168 1418 pontificatu,
1198 1335 1229 1401 et
1257 1334 1307 1401 die
1329 1335 1387 1400 xxi
1410 1333 1529 1400 mensis

273 1451 415 1537 Augusti.

364 1567 483 1635 Retulit
498 1566 577 1634 mihi
591 1567 709 1634 notario
724 1566 917 1652 infrascripto
933 1567 1077 1634 existenti
1090 1567 1124 1633 iu
1138 1568 1204 1634 looo
1219 1567 1254 1632 ut
1269 1585 1361 1651 supra
1382 1565 1528 1651 deputato

275 1685 303 1752 d.
320 1683 499 1751 Dominicus
515 1683 693 1750 Bacinettus
717 1683 844 1750 clericus
859 1683 1101 1750 &vennateusis
1123 1703 1202 1748 unus
1224 1702 1259 1748 ex
1282 1683 1420 1749 sacristis
1442 1681 1527 1748 eius-

274 1801 345 1867 dem
369 1801 491 1867 sanctoe
515 1799 758 1867 Ravennateusis
788 1799 933 1866 ecclesiae
956 1819 989 1864 se
1010 1798 1068 1866 boc
1089 1799 1224 1882 presenti
1246 1798 1296 1865 die
1319 1798 1355 1864 de
1377 1818 1467 1864 mane
1489 1798 1527 1864 de

274 1917 419 1984 mundato
442 1915 570 2002 predicti
599 1914 756 2000 magnifici
778 1914 806 1980 d.
837 1914 998 1998 potestatis
1021 1916 1053 1980 et
1080 1914 1301 1981 commissoriis
1330 1914 1463 1980 affixisse
1487 1914 1525 1978 ad

273 2033 377 2098 valvas
400 2031 544 2100 ecclesiae
566 2029 750 2096 cathedralis
773 2030 934 2096 Ravemao
964 2030 1140 2095 citationem
1163 2030 1194 2095 et
1216 2029 1349 2095 edictum
1378 2029 1526 2113 utsupra
1635 2039 1636 2042 ’

274 2148 473 2213 commissum
504 2148 535 2213 et
564 2146 741 2212 emanatum
764 2164 817 2230 per
845 2145 997 2229 prefatum
1020 2145 1048 2211 d.
1071 2146 1256 2230 potestatem
1284 2145 1316 2211 et
1338 2145 1525 2212 executorem
1638 2222 1639 2254 1

275 2264 331 2328 eto.
347 2264 379 2328 et
400 2261 444 2328 ibi
468 2261 593 2327 affixum
616 2258 771 2326 dimisisse
793 2262 825 2326 et
839 2260 999 2344 reliquisse
1022 2261 1053 2326 et
1067 2260 1175 2328 fecisse
1191 2279 1226 2327 ac
1248 2262 1406 2328 executum
1429 2260 1524 2326 fuisse
1639 2298 1640 2306 κ

275 2379 365 2462 prout
387 2377 419 2444 et
441 2376 521 2442 sicut
541 2375 651 2441 babuit
672 2377 705 2441 in
727 2375 890 2456 mandetis,
913 2377 944 2442 et
959 2375 1017 2443 hoo
1039 2375 1078 2441 ed
1092 2377 1275 2442 instantiam
1297 2378 1329 2442 et
1346 2376 1525 2460 petitionem
1640 2372 1642 2454 ]

275 2493 423 2578 praedicti
445 2512 469 2558 r.
493 2490 609 2560 domini
631 2491 761 2557 Joannis
783 2491 868 2558 Petri
890 2491 1020 2558 Ferretti
1048 2493 1251 2576 procuratoris
1273 2491 1420 2559 antedicti
1443 2491 1526 2557 omni
1642 2523 1643 2538 κ

275 2608 396 2676 meliori
418 2608 515 2674 modo.

363 2726 444 2791 Item
459 2725 491 2790 ot
505 2723 587 2790 dicta
602 2723 652 2790 die
666 2725 698 2790 et
713 2725 777 2790 loco
800 2722 943 2789 domium
958 2723 1165 2789 Beruardiuus
1180 2722 1376 2790 Maronoinus
1399 2723 1527 2790 clericus

275 2839 518 2908 Ravennatcnsis
539 2859 617 2905 uuus
633 2859 668 2905 ex
684 2837 821 2904 saomstis
843 2837 942 2904 dictae
965 2839 1108 2906 ecciesiae
1130 2839 1314 2906 cathedralis
1329 2839 1435 2906 retulit
1450 2839 1527 2905 mibi

274 2957 393 3022 notario
415 2954 609 3039 infrascripto
632 2973 664 3020 se
686 2954 743 3021 hoc
764 2973 855 3020 mane
877 2953 1010 3021 affixisse
1033 2957 1064 3020 et
1086 2955 1211 3021 affixum
1234 2955 1390 3021 dimisisse
1413 2955 1452 3020 ad
1475 2975 1526 3021 oo-

275 3071 397 3137 lumnas
419 3071 528 3155 palatii
551 3069 721 3137 communis
744 3070 906 3136 Ravennae
935 3069 989 3134 ubi
1012 3071 1088 3136 talia
1110 3071 1177 3137 fieri
1199 3071 1306 3149 solent,
1338 3071 1472 3138 edictum
1495 3073 1527 3138 et

274 3186 451 3254 citationem
480 3187 515 3251 ut
545 3204 637 3270 supra
665 3183 864 3251 commissum
893 3186 925 3250 et
953 3187 1129 3252 emanatum
1159 3187 1263 3253 contra
1290 3186 1407 3252 dictum
1430 3186 1526 3253 iltd

274 3301 468 3387 Alphonsum
497 3301 658 3368 detersam
681 3302 712 3367 et
740 3298 853 3367 dixisse
876 3299 991 3380 fecisse,
1022 3303 1053 3367 et
1074 3303 1172 3386 prout,
1201 3303 1233 3368 et
1255 3301 1335 3368 siout
1364 3302 1472 3368 habuit
1487 3302 1527 3398 'in

276 3416 439 3499 mundatis,
468 3419 500 3484 et
521 3417 578 3483 hoc
600 3417 639 3482 ad
668 3415 851 3483 instantiam
873 3417 905 3482 et
927 3416 1105 3500 petitionem
1133 3417 1243 3502 preisti
1266 3437 1289 3483 r.
1312 3417 1374 3482 dni
1397 3417 1527 3484 Joannis

275 3533 359 3599 Petri
381 3533 511 3600 Ferretti
533 3532 735 3617 procuratoris
757 3531 904 3598 antedicti
925 3533 956 3598 et
978 3532 1034 3599 hec
1057 3533 1141 3600 omni
1163 3533 1283 3600 meliori
1305 3532 1403 3600 modo.

365 3645 425 3728 Qui
446 3647 629 3733 magnificus
652 3647 680 3712 d.
702 3648 846 3733 potestas,
869 3647 901 3713 et
915 3648 1143 3716 commissarius
1165 3649 1283 3733 prefata
1305 3647 1433 3714 admisit
1454 3649 1482 3714 si
1497 3649 1528 3715 ot

275 3763 308 3829 in
330 3764 488 3848 quantum.
519 3763 577 3830 Die
599 3763 708 3829 martis
731 3763 811 3829 xxiii.
827 3761 961 3847 Augusti
983 3763 1093 3830 mdxxx
1115 3764 1152 3831 de
1168 3783 1257 3830 mane
1279 3763 1355 3829 bora
1372 3764 1524 3848 deputata

365 3992 541 4079 Comparuit
569 4014 671 4062 coram
694 3993 857 4080 magnifico
886 3992 1010 4063 domino
1032 3997 1214 4063 Baldussare
1237 3995 1273 4062 de
1296 3995 1466 4062 Berturolis
1489 3993 1525 4061 de

275 4109 390 4178 Gerena
412 4111 547 4177 civimtis
569 4112 731 4178 Ravennae
760 4111 912 4196 potestate
934 4111 1083 4178 existente
1104 4112 1138 4177 in
1160 4111 1287 4178 ecclesie
1309 4111 1471 4178 Rauennae
1492 4111 1525 4176 in

273 4228 339 4295 loco
362 4227 397 4292 ut
420 4246 511 4312 supra
526 4226 671 4312 deputato
693 4247 716 4293 r.
733 4227 766 4292 in
788 4224 911 4293 Christo
933 4229 1019 4311 pater
1041 4228 1069 4293 d.
1085 4227 1219 4294 Joauues
1243 4228 1352 4295 Petrus
1369 4227 1524 4293 Ferrettus

275 4362 333 4428 quo
356 4361 448 4427 supra
469 4343 591 4410 nomine
614 4343 645 4408 et
667 4341 809 4427 produxit
830 4360 866 4407 ac
880 4343 1054 4428 reproduxit
1076 4345 1189 4409 iterum
1211 4346 1243 4410 et
1264 4342 1363 4409 denuo
1385 4343 1524 4409 litoreae

276 4457 483 4525 sacratissimo
506 4458 628 4525 domino
651 4457 774 4525 domino
797 4455 904 4525 carolo
920 4458 1025 4543 quinto
1047 4459 1229 4544 imperatore
1252 4479 1279 4524 v.
1294 4457 1370 4524 Maii
1394 4457 1523 4525 meus
