3380 5088
702 361 946 429 -281-

198 559 301 627 nostro
316 577 406 625 cnrsn
421 557 554 638 retracti,
577 577 670 642 eaque
686 577 780 637 arma,
804 577 880 643 quae
896 558 959 624 iam
974 557 1110 624 victoriis
1124 557 1296 625 infidelium
1310 557 1451 624 calebant

199 676 238 742 ad
258 675 495 742 christianorum
518 693 603 742 arma
627 694 645 740 a
668 675 781 741 nostris
804 674 917 759 regnis,
941 693 959 739 a
981 673 1101 758 populis
1124 675 1247 754 nostris,
1270 695 1288 740 a
1310 675 1450 755 fortunis,

199 792 247 858 uel
276 811 295 857 a
324 791 438 858 nostris
467 791 569 876 potim
599 791 766 858 cervicibus
796 790 982 876 depellenda,
1014 793 1186 858 conuertere
1209 792 1304 858 coacti
1335 810 1449 859 sumus.

197 909 238 976 llt
252 926 426 994 quanquam
449 908 571 993 superni
590 907 726 974 nominis
750 908 860 990 lavore,
883 926 943 975 non
968 908 1098 993 benigne
1120 908 1223 976 minus
1246 929 1340 994 quam
1361 910 1450 990 inste,

196 1025 287 1094 rebus
309 1025 456 1092 hoctenm
479 1024 630 1092 affulserit
653 1025 776 1104 nostris,
806 1043 962 1111 nunquam
986 1026 1090 1092 temen
1111 1045 1165 1109 per
1187 1042 1243 1091 nos
1266 1026 1354 1092 stetit
1375 1027 1450 1111 quin

197 1142 416 1227 rempublicam
439 1141 665 1227 respiceremus,
699 1143 791 1227 atque
811 1143 844 1211 in
868 1143 936 1228 ipse
958 1142 1086 1210 decom
1113 1160 1199 1208 arma
1223 1142 1450 1228 deponeremus,

197 1277 402 1344 quascumque
430 1259 516 1344 pacis
547 1257 743 1339 conditiones,
767 1278 879 1344 aeques
917 1261 1029 1340 tamen,
1064 1258 1314 1343 amplexaremur,
1345 1261 1449 1326 tantas

197 1375 308 1460 quihus
330 1375 416 1442 mille
438 1375 538 1442 modis
553 1375 653 1442 allecti
676 1394 805 1456 eramus,
828 1376 955 1442 iniurias
970 1375 1225 1443 oblivisceremur.
1264 1374 1351 1457 Quod
1365 1377 1396 1442 et
1415 1376 1449 1443 in

197 1492 369 1576 praesentia
398 1492 496 1559 multo
526 1491 627 1577 magis
651 1492 762 1558 facturi
795 1512 917 1572 snmus,
947 1511 1007 1577 qno
1029 1492 1152 1580 planius
1177 1492 1324 1559 serenitas
1349 1494 1450 1560 restra

197 1607 354 1694 intelligat
368 1608 447 1674 nihil
462 1627 556 1694 oeque
570 1608 658 1675 nobie
681 1609 764 1676 cordi
787 1627 861 1690 esse,
885 1628 978 1693 quam
994 1610 1029 1676 ut
1048 1609 1161 1676 sedatis
1177 1608 1334 1676 intestinis
1349 1608 1449 1690 bellis,

199 1725 329 1792 summis
347 1725 381 1791 in
395 1725 616 1810 rempublicam
631 1725 749 1792 viribus
764 1726 987 1794 incumbamus.
1018 1727 1059 1792 lat
1079 1727 1181 1811 preter
1195 1727 1351 1805 mandata,
1372 1745 1449 1812 qnae

198 1841 313 1908 dehoc
335 1841 529 1926 amplissima
550 1841 694 1908 misimus
718 1841 913 1910 sanctissimo
937 1842 1061 1910 domino
1083 1844 1195 1922 nostro,
1219 1861 1354 1927 quaeque
1369 1841 1448 1910 Ger·

198 1959 317 2025 maniae
339 1957 513 2043 proceribus
535 1959 626 2043 atquc
648 1958 770 2042 populis
786 1959 974 2043 scripsimus,
997 1977 1056 2043 quo
1079 1959 1180 2044 magis
1200 1959 1238 2025 ad
1256 1977 1449 2026 communem

197 2092 263 2141 rem
284 2074 449 2140 iurandum
468 2073 668 2141 incendantur
692 2075 850 2140 sanctitati
870 2093 942 2141 suae
965 2074 1161 2160 suplicamne,
1179 2075 1215 2141 ut
1235 2075 1269 2141 in
1284 2072 1450 2142 Germania

197 2187 317 2256 indulta
338 2209 392 2274 pro
415 2191 523 2274 quarta
545 2189 700 2256 fructuum
731 2190 870 2257 omnium
891 2191 1107 2258 heneficiomm
1129 2191 1353 2276 cruciatumque
1376 2211 1447 2276 pro-

198 2306 331 2390 mulget,
362 2305 436 2390 quin
466 2306 497 2372 et
525 2307 680 2391 praeterea
710 2307 787 2373 satis
816 2306 951 2374 validam
981 2307 1111 2374 classem
1134 2326 1278 2391 paremur
1308 2308 1344 2374 ut
1365 2326 1449 2374 mere

198 2421 292 2487 etiam
313 2421 364 2488 hie
379 2421 413 2487 in
435 2421 574 2506 partibus
597 2422 635 2488 ah
651 2421 707 2488 ille
729 2423 898 2489 herorum
920 2422 1098 2490 foedissima
1113 2423 1196 2488 rabie
1212 2423 1244 2488 in
1267 2423 1334 2490 tuto
1352 2423 1447 2490 collo·

198 2557 309 2604 cemns.
341 2539 506 2622 Potestque
523 2537 669 2604 serenitas
684 2539 787 2604 vestra
810 2539 869 2605 eibi
885 2538 1072 2623 persuadere,
1095 2538 1174 2605 nihil
1189 2557 1256 2606 esse
1270 2539 1345 2606 adeo
1360 2541 1448 2607 nohis

198 2654 345 2738 optatum,
360 2672 453 2738 quam
468 2654 502 2719 ut
517 2671 579 2719 non
594 2652 694 2720 solum
708 2654 900 2739 reipublicae,
922 2673 998 2739 quae
1013 2654 1102 2722 nohis
1117 2653 1185 2738 ipsa
1200 2656 1248 2720 est
1262 2655 1328 2722 vita
1343 2655 1450 2737 carior,

196 2771 227 2836 et
249 2769 338 2836 fratri
359 2772 472 2848 nostro,
495 2769 548 2852 qui
570 2770 602 2835 ct
624 2769 689 2855 ipse
704 2771 771 2836 tam
792 2770 948 2855 proximus
971 2771 1104 2854 periculo
1126 2771 1183 2850 est,
1207 2770 1260 2838 scd
1275 2771 1374 2839 vestre
1397 2771 1447 2838 in·

196 2886 304 2970 primis
321 2886 479 2952 seronitati
493 2904 586 2970 quam
602 2886 734 2952 maxime
749 2885 946 2970 opitulemnr;
970 2887 1124 2953 caeterum
1141 2887 1338 2954 serenitatem
1353 2887 1448 2954 etiem

196 3003 329 3069 vestram
366 3019 487 3068 sommo
518 3000 619 3067 studio
649 3001 832 3068 hortandum
866 3003 958 3086 atque
994 3001 1164 3087 rogandam
1194 3001 1351 3083 duximus,
1388 3022 1447 3087 qno

194 3117 275 3196 forti,
298 3116 461 3198 constanti,
484 3135 655 3202 magnoque
678 3117 781 3184 animo
797 3117 848 3196 sit,
871 3097 1003 3202 dumque
1018 3117 1173 3203 intelliget
1188 3137 1244 3185 nos
1258 3136 1313 3202 pro
1329 3118 1447 3185 viribus

195 3233 293 3300 eidem
316 3233 420 3300 deesse
442 3233 531 3312 nolle,
561 3233 629 3316 ipse
651 3250 768 3317 quoque
791 3233 851 3298 sibi
883 3231 977 3319 (quod
1008 3234 1113 3301 temen
1135 3234 1264 3300 minime
1292 3235 1444 3321 veremur)

193 3349 278 3417 nullo
292 3349 357 3416 loco
379 3347 468 3427 desit,
491 3347 544 3415 sed
559 3367 595 3416 ea
616 3347 719 3415 omnia
734 3350 827 3429 curet,
849 3350 944 3434 paret,
966 3349 1132 3433 provideat,
1155 3369 1233 3434 quae
1257 3350 1297 3415 od
1320 3370 1444 3417 suarum

194 3485 295 3531 rernm
316 3465 598 3550 propugnationem,
621 3464 660 3531 ad
676 3463 947 3549 depellendumque
970 3467 1036 3532 tam
1059 3484 1220 3532 commune
1243 3466 1339 3533 totins
1362 3466 1445 3532 chri·

195 3580 289 3646 stiani
311 3580 393 3646 orbis
415 3581 584 3665 periculum
606 3581 738 3647 mammo
761 3579 858 3647 facero
881 3580 1072 3647 videbuntur.
1121 3579 1284 3666 Speremus
1307 3600 1368 3650 non
1390 3582 1444 3649 de·

194 3695 330 3762 futurum
353 3696 446 3762 etiem
464 3697 530 3762 tarn
546 3695 614 3780 piae
630 3715 738 3763 causae
757 3696 909 3780 optimum
924 3696 1033 3776 Deum,
1057 3697 1203 3782 brevique
1218 3699 1337 3766 euenire
1358 3716 1449 3783 posse

194 3814 229 3877 ut
251 3812 458 3896 importunum
481 3813 572 3879 illum
594 3812 714 3880 hostem
737 3814 842 3879 tantae
866 3831 937 3879 suae
961 3812 1111 3892 audaciae,
1134 3815 1238 3880 tantae
1257 3813 1445 3881 temeritatis

193 3927 354 4011 poeniteat,
383 3928 577 4012 uestramque
606 3927 801 3994 serenitatem
825 3947 918 4012 quam
948 3927 1144 3996 foetidissima
1165 3929 1265 3995 valere
1294 3930 1446 4013 optamus.

194 4043 238 4108 lix
260 4039 384 4107 civitate
400 4043 504 4108 nostra
519 4043 671 4128 Burgenei
694 4062 774 4110 nona
788 4043 905 4128 Aprilis
929 4063 1007 4110 anno
1023 4043 1149 4110 Domini
1171 4044 1337 4111 millesimo
1352 4044 1444 4129 quin-

192 4157 363 4242 gentesimo
379 4155 527 4241 vigesimo
542 4160 649 4242 quarto
668 4177 831 4243 regnorum
846 4161 1020 4226 nostrornm
1035 4158 1166 4226 &mani
1181 4160 1297 4244 quinto,
1320 4162 1351 4226 et
1366 4159 1443 4225 alio·

192 4291 261 4339 rum
283 4290 370 4338 nono.

1083 4417 1198 4498 Frater,
1221 4415 1354 4483 Carolus.
