3396 5090
750 281 815 384 '—
860 337 926 404 ιιι
971 370 1015 384 -

264 547 335 595 cura
356 532 389 596 et
410 530 594 616 cogitatione
617 530 773 616 ancipites,
804 533 839 597 ut
860 532 996 616 primum
1024 533 1145 598 litterae
1167 531 1239 598 illae
1262 532 1350 599 nobis
1381 532 1517 599 redditae

263 644 400 724 tirernnt,
428 646 643 714 advocavimus
665 667 682 713 e
705 646 835 732 vestigio
864 651 966 714 ven¹0¹
988 647 1099 714 iratres
1128 649 1263 728 nostros,
1293 649 1384 747 atque
1414 665 1518 714 eornm

265 761 392 828 oonsilio
415 763 447 827 ιι
468 762 568 828 coetui
596 781 704 846 regum
727 762 759 829 ιι
785 762 958 846 principum
987 762 1224 829 christianorum
1254 764 1388 829 oratores
1410 763 1463 848 qui
1484 762 1519 828 in

265 878 339 942 urbe
361 875 488 944 aderant
508 877 602 944 etiam
617 876 820 956 adiunximus,
843 880 879 943 ut
901 880 932 945 et
946 877 1107 944 nobiscum
1129 880 1161 944 et
1182 896 1253 944 cum
1268 878 1333 944 illis
1355 896 1425 956 una,
1447 897 1518 944 cum

264 993 359 1060 testes
382 994 485 1059 assent
506 993 709 1072 miseriarum,
732 995 801 1060 tum
815 992 968 1060 adiutores
992 993 1019 1059 si
1041 993 1106 1060 fieri
1121 996 1225 1078 posset
1244 993 1442 1061 inveniendae
1465 1012 1517 1060 sa-

264 1109 348 1175 lutis.
395 1106 530 1189 Quorum
545 1110 721 1175 cunctorum
739 1108 955 1177 deliberatione
969 1111 1002 1176 ιι
1023 1108 1158 1188 comilio,
1182 1129 1259 1196 quae
1274 1112 1347 1176 sunt
1361 1109 1518 1194 explicata,

264 1223 298 1290 in
320 1224 382 1290 alia
405 1224 514 1290 scheda
539 1243 675 1292 seorsum
704 1225 872 1309 perscripta
895 1226 976 1291 sunt.
1033 1225 1115 1290 Illud
1144 1223 1266 1310 quidem
1298 1244 1371 1309 prae
1392 1225 1519 1292 coeteris

265 1339 455 1424 praesentius
478 1343 509 1406 et
530 1340 701 1425 promptius
730 1339 899 1407 remedium
922 1341 953 1406 et
974 1340 1063 1407 nobis
1093 1343 1124 1408 et
1146 1340 1210 1407 illis
1233 1341 1335 1407 risum
1357 1342 1413 1419 est,
1442 1359 1518 1425 quo-

263 1455 350 1523 niam
372 1456 467 1522 armis
482 1458 514 1522 et
535 1458 684 1541 apparatu
698 1455 807 1523 bellico
831 1475 985 1523 occurrere
1007 1456 1040 1522 in
1063 1456 1198 1540 tempore
1220 1456 1259 1522 ad
1274 1456 1363 1522 illam
1384 1455 1519 1522 nobilem

265 1589 300 1637 cc
315 1571 447 1638 maxime
462 1573 663 1658 opportumm
677 1572 865 1656 provinciam
880 1571 1072 1639 retinendam
1094 1591 1155 1639 non
1169 1591 1341 1658 possumus,
1364 1573 1400 1638 ιιι
1421 1590 1518 1638 ιιιι-

265 1687 393 1773 quisque
415 1687 588 1773 principum
610 1708 663 1773 per
686 1707 776 1756 snum
799 1687 921 1756 fidelem
951 1689 1094 1774 aliquem,
1125 1688 1299 1755 subsidium
1320 1687 1465 1773 pecuniae
1486 1687 1521 1753 in

266 1801 437 1888 Ungariam
459 1804 574 1885 mittat,
603 1823 657 1888 per
678 1804 759 1888 quod
781 1823 818 1870 er
839 1803 982 1871 finitimis
1005 1804 1181 1871 nationibus
1203 1803 1408 1889 Bobemisque
1429 1823 1519 1888 prae-

267 1919 374 1986 sertim
388 1919 505 2004 pedites
520 1918 670 1998 eonducti
693 1920 843 1988 sustinere
857 1919 1007 2003 impetum
1029 1920 1240 2005 ingruentium
1254 1919 1390 1986 hostium
1405 1919 1520 1986 tantis-

264 2053 320 2120 per
341 2034 470 2119 possint,
492 2037 524 2101 et
545 2035 633 2120 regni
655 2035 741 2102 illius
765 2035 910 2120 spiritum
932 2039 1024 2121 atque
1047 2036 1152 2116 uitam,
1174 2037 1215 2103 ad
1235 2034 1360 2120 aliquod
1382 2053 1519 2103 commo·

266 2149 337 2217 dius
353 2149 522 2216 medicinae
536 2159 658 2234 tempus
681 2170 841 2218 reservare.
865 2151 932 2217 Hoc
947 2169 1042 2218 unum
1057 2151 1220 2218 comilinm
1235 2151 1387 2236 reliquum
1401 2151 1521 2218 ridetur

265 2265 390 2345 iactum,
412 2265 447 2332 in
467 2284 527 2350 quo
549 2285 619 2350 spes
642 2265 736 2334 etiarn
769 2287 850 2334 nunc
872 2268 975 2352 aliqua
997 2268 1124 2352 exiguae
1147 2267 1257 2335 salutis
1280 2267 1419 2347 resideat,
1442 2266 1522 2352 qnod

267 2382 295 2448 si
317 2383 491 2466 neglectum
513 2383 545 2449 et
566 2382 759 2467 repudiatum
782 2383 883 2462 fuerit
906 2401 967 2450 non
988 2401 1127 2450 veremur
1149 2383 1213 2450 iam
1234 2401 1291 2450 nos
1312 2383 1445 2469 quidem,
1468 2382 1522 2450 sed

265 2515 320 2581 pro
343 2499 424 2565 certo
447 2497 595 2576 ducimus,
625 2517 681 2565 nos
704 2498 743 2564 ad
766 2499 897 2566 alterum
926 2516 1041 2565 annum
1063 2498 1235 2584 Ungariam
1263 2516 1325 2566 non
1354 2499 1520 2576 habituros,

266 2611 440 2698 frustraque
453 2612 563 2680 deinde
584 2613 616 2680 et
637 2613 740 2681 nobile
754 2615 929 2681 membrum
951 2613 1188 2682 christianitatis
1210 2616 1243 2683 ιι
1260 2616 1522 2700 propugnaculum

267 2727 401 2797 nationis
424 2728 611 2796 fortissimae
632 2728 779 2797 adversus
801 2730 969 2796 turcerum
992 2729 1217 2798 intolerabilem
1246 2731 1416 2815 potentiam
1438 2729 1521 2798 dasi-

267 2843 432 2912 deratures.
478 2841 562 2926 Quae
579 2865 628 2912 res
651 2865 722 2913 cum
737 2846 782 2912 sic
805 2865 837 2912 se
859 2845 980 2926 habat,
1004 2846 1167 2913 scribimus
1190 2845 1229 2912 ad
1250 2849 1376 2914 cunctos
1398 2845 1521 2933 quidem

267 2959 428 3045 principes,
450 2962 483 3028 ιι
504 2979 608 3028 eornm
631 2961 780 3027 auxilium
801 2961 892 3028 rebus
911 2961 1076 3046 Ungaricis
1098 2961 1307 3047 imploramus.
1353 2960 1414 3028 Sed
1434 2961 1469 3028 in
1490 2963 1522 3028 te

268 3094 364 3142 nnnm
386 3076 545 3161 praecipue
567 3077 614 3143 fili
636 3077 795 3144 consume
809 3077 890 3144 oculi
912 3079 944 3144 et
966 3097 1055 3144 mens
1077 3079 1183 3144 nostra
1197 3094 1342 3144 conversa
1363 3079 1420 3144 est
1452 3075 1520 3144 Sei·

268 3211 338 3258 mus
360 3193 391 3258 te
413 3192 473 3259 Dei
493 3211 586 3258 causa
614 3191 689 3277 qnid
716 3193 836 3277 possis;
865 3192 1007 3260 novimus
1029 3191 1103 3278 quid
1132 3192 1225 3270 relis3
1248 3195 1397 3277 quantum
1419 3193 1523 3258 antem

267 3305 346 3374 velle
368 3305 478 3374 debeas
501 3325 607 3374 omnes
629 3307 729 3392 ignoti
750 3308 874 3392 notique
895 3307 1083 3392 intelligunt
1128 3307 1177 3374 dd
1199 3309 1323 3375 tantam
1337 3310 1440 3377 autem
1462 3327 1520 3376 ua·

267 3423 354 3489 turae
377 3423 555 3502 bonitatem,
577 3424 664 3490 tauto
679 3422 914 3490 necessitudinis
936 3424 968 3490 ιι
990 3442 1063 3508 erge
1077 3423 1178 3491 Deum
1201 3424 1319 3509 gratiae
1340 3423 1440 3490 officio
1462 3422 1519 3491 ad·

267 3537 379 3618 iuncto,
401 3538 538 3624 quidest
552 3539 602 3606 rel
616 3541 682 3606 tem
697 3538 827 3606 arduum
841 3539 922 3625 quod
935 3558 990 3623 pro
1005 3539 1169 3623 republica,
1191 3539 1320 3606 voltam
1335 3539 1524 3606 laboriosum

266 3653 349 3739 qnod
370 3673 424 3739 pro
446 3655 559 3721 honore
581 3653 640 3721 Dei
662 3655 716 3720 aut
738 3655 773 3720 tu
795 3673 857 3722 non
875 3655 1035 3738 suscipere,
1058 3656 1112 3721 ant
1134 3673 1190 3721 nos
1212 3654 1250 3721 de
1272 3656 1380 3722 tenon
1402 3672 1522 3740 sperare

268 3767 457 3836 demamus?
509 3767 668 3836 Cernimus
700 3769 763 3855 ipsi
793 3769 828 3836 in
857 3789 934 3855 quae
965 3771 1103 3854 tempora
1134 3769 1234 3836 vocati
1270 3769 1309 3836 ad
1338 3770 1396 3836 hoc
1431 3788 1521 3855 prae·

267 3898 361 3969 greve
382 3884 455 3965 iam,
477 3903 669 3970 nequaquam
684 3887 788 3952 autem
802 3885 969 3953 iucundum
983 3885 1179 3969 pontificatus
1193 3885 1431 3954 administrandi
1444 3903 1521 3954 onus

268 3997 424 4079 lmrimus,
447 3998 583 4067 intansta
605 3999 748 4068 videlieet
769 4002 801 4066 et
822 4001 1014 4077 turbulenta3
1044 4001 1155 4085 quibus
1178 3999 1321 4086 quicquid
1351 4000 1521 4068 sanandum

268 4113 568 4202 confirmandumque
590 4115 807 4201 apprehendas,
837 4118 872 4182 ut
894 4116 927 4181 in
950 4115 1082 4182 ruinosis
1111 4115 1280 4200 parietibus
1308 4117 1413 4202 putres
1437 4119 1520 4184 stru·

268 4229 371 4298 cturae
386 4230 494 4310 solent,
516 4230 561 4296 ιιι
575 4229 635 4297 tibi
649 4231 873 4316 apprehensum
888 4230 921 4296 in
935 4231 1078 4296 manibus
1093 4230 1261 4300 ιοιιιιιιιιιι
1275 4231 1315 4300 ad
1330 4231 1521 4319 nihilumque

267 4343 425 4428 redigitur.
471 4344 638 4412 Tennimus
667 4347 772 4413 tamen
801 4345 867 4412 Deo
896 4344 1059 4412 adiurante
1080 4345 1236 4432 Ungariae
1265 4348 1398 4416 ιιιιιιιιι
1426 4365 1521 4433 usqne

269 4459 302 4524 in
325 4457 505 4526 hodiernum
529 4460 618 4527 diem
665 4460 730 4539 Nos
753 4461 835 4528 enim
860 4479 1015 4528 summam
1030 4461 1175 4545 pecuniae
1197 4481 1274 4547 qnae
1296 4464 1371 4530 illuc
1394 4463 1464 4530 aie.
1480 4483 1520 4531 re.
