3366 5084
700 313 923 398 „cr-2

187 511 357 602 amplitudo
380 534 415 581 ac
437 513 573 600 dignitas
596 517 628 581 et
650 516 751 581 restra
773 501 951 580 omamentn
973 511 1184 578 contineantur
1207 511 1371 592 uoluntate,
1394 509 1439 580 ita

190 632 292 698 velitis
314 630 489 697 existimare
512 630 543 696 et
564 648 689 714 prorsus
703 629 814 696 habore
836 647 1025 713 persuasum,
1048 645 1103 694 nos
1124 626 1174 702 illi
1196 629 1227 693 et
1245 628 1331 694 robis
1354 627 1438 712 nullo

188 766 323 832 unquam
345 746 410 814 loco
433 747 487 812 aut
501 747 637 830 tempore
660 745 816 812 dedituros
839 745 892 810 sed
914 743 1050 810 inomni
1072 743 1187 810 summi
1202 743 1440 825 amoris-aiieotu

190 865 234 928 ita
256 864 376 929 antemos
399 863 435 927 ut
463 861 544 945 apud
572 864 697 926 cunctos
726 861 875 944 appareat
900 879 986 944 spem
1007 878 1100 943 quam
1129 861 1161 925 et
1182 858 1388 950 restituendae
1410 861 1441 926 at

160 1033 165 1041 .
190 979 229 1044 ab
251 977 439 1043 immanibus
463 977 572 1043 Turois
595 975 799 1044 defendendae
823 976 1007 1042 christianae
1029 975 1213 1059 reipublicae
1228 974 1386 1054 habemus,
1408 975 1441 1040 in

190 1093 275 1158 illius
298 1093 431 1160 marimo
460 1092 596 1160 consiliis
626 1093 805 1159 arconate
827 1092 940 1176 pietate
970 1089 1121 1175 sapientia
1143 1090 1272 1170 anobis
1301 1109 1369 1172 esse
1391 1109 1441 1156 re·

191 1208 339 1292 positam:
368 1209 483 1293 inquo
513 1227 590 1293 quae
612 1208 652 1273 ad
679 1207 765 1274 illius
795 1207 1021 1291 amplissimam
1052 1206 1236 1290 dignitatern
1258 1207 1290 1273 et
1312 1205 1444 1290 gloriam

192 1323 359 1407 opportuna
382 1325 471 1389 amnt
494 1342 600 1389 sumus
614 1322 787 1390 incredibili
809 1322 910 1388 studio
933 1323 964 1388 et
979 1321 1140 1406 diligentia
1156 1321 1302 1402 curaturi„
1327 1321 1444 1387 Datum

192 1439 308 1505 Romae
330 1440 385 1505 etc
431 1439 488 1504 xri
510 1438 652 1506 Jannnrii
673 1438 791 1505 mdrrr.
836 1438 926 1504 Anno
949 1438 1087 1504 secundo.
1232 1458 1234 1463 ·
1314 1469 1317 1475 ·

795 1674 848 1740 48.

725 1837 918 1899 Caesari

285 1989 449 2057 Carissimo
471 1992 526 2056 etc.
564 1990 713 2076 Magnum
735 1991 963 2058 incommodum
985 1991 1045 2058 fuit
1059 1992 1243 2059 enuntiante
1265 1991 1448 2075 reipublicae

194 2125 230 2172 ao
251 2107 340 2173 nobis
370 2107 403 2190 in
432 2107 520 2173 tanta
542 2106 744 2174 disiunctione
773 2107 908 2174 locorum
937 2108 1048 2192 quibus
1079 2108 1211 2194 separati
1242 2127 1357 2189 sumus,
1379 2127 1450 2174 oum

194 2242 262 2288 raro
284 2223 316 2289 et
338 2221 515 2307 perdifficile
538 2226 742 2290 commearent
764 2225 867 2291 nuncii
889 2225 920 2291 et
949 2225 1086 2301 litterae;
1108 2243 1182 2291 nam
1204 2244 1273 2290 cum
1295 2225 1377 2290 terra
1398 2224 1448 2293 iu·

195 2337 309 2404 festum
332 2339 363 2404 et
385 2339 580 2416 obstructum
604 2339 663 2405 iter
686 2341 776 2418 esset
806 2341 901 2406 maris
931 2341 1034 2406 autam
1064 2341 1130 2414 vias
1160 2339 1271 2406 hiemis
1301 2321 1450 2423 asperitas

196 2453 412 2537 praecluderet
435 2454 551 2519 factum
575 2455 706 2521 estnon
728 2455 874 2521 mediocri
895 2457 1000 2522 nostro
1023 2474 1094 2521 cum
1116 2454 1218 2521 dolore
1236 2457 1271 2520 ut
1294 2456 1325 2521 et
1347 2455 1452 2520 nostra

199 2568 327 2633 masilia
350 2568 389 2634 ed
411 2570 442 2634 te
464 2587 524 2635 non
554 2569 766 2653 perferrentur,
795 2571 827 2636 et
849 2589 905 2636 nos
929 2569 966 2637 de
988 2573 1042 2636 tua
1071 2570 1228 2637 voluntate
1256 2571 1451 2656 nequiremus

198 2683 264 2748 lieri
287 2683 443 2749 certiores:
467 2685 513 2749 ita
535 2703 605 2750 oum
628 2684 797 2768 quotidiani
821 2703 909 2751 casus
933 2687 964 2751 et
985 2687 1119 2768 pericula
1134 2686 1312 2752 ‹liutunam
1333 2704 1450 2752 moram

198 2908 318 2955 nobiscum
336 2909 402 2968 pacis
427 2907 542 2956 desiderio
561 2909 675 2956 rorantur.
716 2907 789 2967 anrn
809 2911 837 2956 ut
860 2910 1025 2958 auctoritatem
1049 2923 1142 2969 quoqne
1166 2913 1192 2958 et
1209 2923 1302 2971 operam
1321 2921 1395 2968 suam,
1414 2911 1452 2956 ubi

201 3004 248 3052 orlt
266 3003 355 3063 datum
374 3004 433 3052 raus
443 3018 485 3064 pro
503 3017 560 3064 pace
577 3006 724 3066 interponere
742 3005 891 3054 vehomenter
908 3007 933 3054 ln
946 3005 1044 3055 Domino
1063 3009 1201 3066 requirimus
1215 3011 1240 3056 et
1251 2978 1413 3056 obtestamur:

583 3106 651 3151 anno
669 3103 769 3152 meando
787 3105 881 3153 mdrxv.
899 3105 1006 3153 ianuarii
1023 3107 1072 3154 xxi.

238 3197 356 3256 Betimlrd
374 3199 489 3260 impericll
508 3213 578 3260 anper
595 3201 750 3250 conventione
767 3203 830 3250 inter
847 3209 923 3250 „nun
941 3201 970 3250 ll.
988 3203 1018 3252 Ν.
1036 3206 1062 3252 et
1079 3201 1166 3259 Reoeorn
1184 3193 1417 3252 christianissimum.

789 3299 870 3348 simus

578 3395 851 3455 emmeramiano

574 3494 687 3543 Joaolnino
705 3495 834 3544 llamtlonl
854 3495 1055 3553 Brandebnrssansl

576 3592 691 3642 leudorico
709 3595 790 3642 conuitl
807 3593 915 3658 palatino

579 3689 679 3740 Bicerdo
697 3691 871 3754 archieplsoopo
888 3689 1021 3742 itamari

578 3789 711 3839 llumanno
729 3788 904 3852 archiepiscopo
923 3789 1055 3839 Colonienal

580 3887 682 3936 llucllrm
700 3887 813 3937 meusne

578 3983 680 4034 Duabus
698 3985 889 4036 Brunrlcensltua

581 4081 694 4132 cnnmiro

578 4179 720 4239 hntcrarie
738 4181 820 4239 usiae

473 4279 573 4328 llutatis
591 4281 711 4328 moeniis
728 4281 754 4327 et
771 4279 886 4341 principio
904 4282 931 4329 et
947 4279 994 4330 ine
1014 4281 1053 4330 lrio
1071 4282 1193 4330 coniuncto

583 4377 642 4426 Ducl
660 4378 759 4434 (laertio
777 4375 892 4426 Suculae

582 4475 759 4524 maliuolum
777 4476 894 4524 austriae.
