3396 5090
674 371 919 440 -189-

233 565 427 651 Episcopo
450 563 659 634 Gasalonsi
680 565 824 633 nuncio
846 564 946 651 apud
969 564 1102 632 (luceru
1124 563 1352 639 Mediolani.

255 681 329 748 llius
352 681 547 768 diligentiam
570 682 717 749 simulet
740 681 953 748 dexteritatem
978 679 1114 765 pontifex
1135 680 1272 767 requirit,
1293 682 1329 755 ut
1350 699 1419 748 oar·

164 797 320 865 dmabbus
336 796 478 865 Comensi
500 799 531 865 et
547 797 583 866 (le
601 797 770 880 ltiurltiis,
793 797 948 877 benefida,
971 815 1049 882 quac
1070 797 1104 864 in
1118 796 1286 865 Mediolani
1308 797 1420 865 ducatu

163 913 351 996 obtinebant
367 934 385 981 a
399 914 573 982 marchione
587 914 741 982 Pieoariae
755 913 877 982 restitui
892 915 983 980 curat
1006 933 1070 980 m
1092 913 1277 982 Novembris
1298 913 1418 982 mclrrr.

164 1030 255 1098 Anno
277 1029 416 1098 secundo.

740 1167 845 1178 ..—

560 1261 787 1331 Moschioni
809 1262 1022 1330 Piscariae.

254 1378 303 1445 De
325 1377 432 1445 eadem
454 1398 495 1459 ra,
517 1379 623 1446 eodem
645 1379 695 1446 (lis
717 1381 749 1446 et
770 1398 857 1446 anno.

759 1639 832 1706 145.

598 1806 753 1866 Ascanio
775 1803 985 1866 Columnas.

253 1959 372 2024 Dilecto
393 1957 448 2024 fili
493 1957 649 2025 meumes
672 1959 712 2025 ad
733 1959 926 2026 nobilitatem
949 1961 1037 2026 tuam
1066 1958 1211 2026 dilectum
1233 1959 1334 2028 filium
1355 1961 1417 2027 Ia·

163 2094 269 2142 narum
291 2074 328 2140 do
350 2073 515 2141 Malvicino
538 2075 723 2142 familiarem
752 2076 891 2142 nostrum
914 2095 1003 2160 quern
1032 2075 1235 2142 iudicavimus
1258 2079 1364 2162 aptum
1387 2077 1419 2144 st

163 2192 306 2258 idoneum
329 2191 369 2256 ad
391 2190 423 2256 iu
445 2191 564 2275 negocii
585 2193 709 2276 propter
739 2191 820 2276 quod
848 2210 918 2259 sum
940 2191 1107 2278 ‚elegimus
1153 2191 1232 2260 Huic
1259 2193 1419 2260 commisi·

163 2327 233 2374 mus
261 2307 365 2393 aliqua
392 2305 506 2373 nostris
536 2308 636 2374 verbis
667 2308 759 2374 edte
788 2306 981 2392 perferenda,
1009 2326 1086 2392 quas
1115 2307 1250 2392 graviter
1279 2307 1418 2374 animum

162 2425 302 2490 nostrum
324 2424 456 2503 morant
486 2442 556 2489 eum
578 2423 669 2489 illum
699 2423 888 2508 singularem
917 2441 1052 2490 amoram
1082 2441 1140 2508 quo
1164 2442 1270 2490 sumus
1300 2442 1419 2509 semper

163 2540 279 2605 nob.lem
295 2539 382 2605 tuam
397 2539 557 2622 prosecuti,
572 2539 719 2623 illamque
728 2539 868 2605 vicissim
882 2538 1107 2605 observantiam
1123 2539 1419 2624 benivolentiamque

163 2656 285 2738 quatu
313 2673 424 2721 nosos
454 2655 643 2741 complexus,
673 2655 867 2721 vehementer
895 2672 1068 2734 versantu,
1098 2671 1136 2721 ne
1165 2655 1349 2739 quibusdam
1378 2654 1416 2722 (le

163 2769 264 2836 causis
287 2769 330 2836 sit
343 2770 535 2851 labefactata
559 2790 617 2855 quo
633 2771 713 2838 certa
735 2770 781 2836 nil
796 2769 956 2836 molestius
979 2769 1113 2855 accipere
1128 2789 1297 2856 possemus.
1331 2770 1419 2851 Quot
1496 2821 1498 2827 -

164 2885 193 2952 ai
214 2888 249 2952 tu
271 2887 303 2953 et
325 2885 396 2952 litai
417 2888 488 2952 tuae
510 2904 635 2966 memor,
658 2888 689 2953 et
711 2886 799 2953 nobis
822 2906 854 2953 os
885 2884 1140 2972 quamadmodum
1170 2904 1290 2972 sempor
1311 2887 1416 2953 osten·

163 3001 239 3068 disti
261 3002 428 3082 benivolus,
457 3001 547 3070 facile
576 3002 690 3087 potaris
712 3003 814 3068 levare
835 3001 915 3068 hanc
937 3000 1176 3068 aoffimtudinam
1198 3002 1337 3068 nostram
1360 3001 1416 3067 ed·

162 3117 263 3184 bibita
278 3119 332 3184 tue
347 3118 499 3202 aequitate
522 3119 554 3185 et
568 3116 736 3202 prudentia.
769 3113 857 3198 Quod
873 3118 908 3183 ut
921 3116 1020 3184 facere
1040 3117 1118 3184 selis
1134 3135 1248 3202 nosque
1263 3115 1418 3188 in'cotcm

163 3251 266 3301 amore
288 3235 319 3300 ct
340 3233 550 3300 coniunctione
579 3233 639 3301 tibi
660 3233 808 3318 propitios
837 3233 950 3301 babere
978 3251 1162 3318 magnopere
1184 3234 1302 3300 nob.tem
1331 3235 1417 3299 trram

162 3349 197 3416 in
218 3349 350 3416 Domino
373 3349 585 3427 adhomamrm
614 3348 705 3434 idque
727 3349 786 3414 erit
807 3367 868 3414 non
892 3350 990 3416 solum
1012 3349 1101 3416 nobis
1125 3347 1349 3416 amantissimis
1370 3347 1418 3414 tui

162 3465 195 3531 at
216 3483 318 3531 rerum
341 3465 464 3531 tuarum
478 3465 616 3532 omnium
640 3483 759 3532 summo
781 3467 914 3551 gratum,
938 3463 991 3532 sod
1006 3465 1125 3532 nomini
1146 3464 1242 3532 etiarn
1263 3466 1296 3531 et
1317 3465 1418 3532 famae

162 3583 234 3647 tuae
262 3581 416 3666 imprimis
446 3580 653 3648 honorificum.
699 3580 799 3665 Atqm
821 3579 897 3646 haec
925 3579 1083 3646 hactenus.
1112 3580 1158 3646 Tu
1182 3579 1282 3647 sidem
1303 3580 1417 3648 lazaro

163 3717 317 3764 summam
340 3716 441 3764 rerum
463 3697 601 3764 omnium
623 3695 717 3762 fidem
738 3696 875 3763 habebis.
920 3697 1037 3763 Datum
1061 3697 1175 3762 Rcmca
1198 3695 1247 3762 dis
1269 3715 1333 3762 xxx.
1349 3695 1415 3762 No·

163 3813 298 3882 sembris
319 3813 439 3881 mrlnv.
483 3813 573 3880 Anno
596 3813 694 3880 tertio.

684 4117 687 4123 n
757 4073 830 4142 146.

693 4236 887 4301 Caesari

252 4390 425 4462 Carissimo
470 4391 601 4477 Scripsit
629 4394 669 4460 ed
698 4412 753 4460 noa
784 4392 989 4477 superioribus
1017 4393 1124 4460 (liebus
1154 4398 1250 4462 ser.ba
1279 4395 1333 4460 tua
1362 4393 1415 4460 dil.

162 4510 262 4578 tilium
284 4510 435 4580 Jcauucrn
450 4509 634 4577 Banniaium
656 4509 743 4576 nobis
766 4509 992 4590 commendans,
1013 4510 1170 4577 hominem
1185 4511 1265 4578 certe
1287 4511 1319 4576 st
1341 4529 1412 4593 pro·
