3400 5088
898 503 949 568 89.

803 667 1044 729 cardinali.

385 819 498 884 Dilecti
521 821 566 886 fili
588 823 699 888 nostor.
744 823 896 890 Redeunti
917 824 956 890 ad
980 842 1098 890 sernum
1115 827 1273 893 Caesarem
1290 827 1342 892 dii
1359 827 1546 894 6661166-

296 936 447 1001 tholomeo
470 935 509 1002 de
531 936 714 1018 Gattinaria
737 940 790 1024 qui
813 945 903 1006 ser.tir
931 961 1002 1007 suae
1031 943 1182 1008 oratorem
1204 942 1284 1026 apud
1307 962 1362 1008 nos
1385 944 1458 1028 egit
1488 944 1545 1008 ho-

295 1050 372 1116 mini
402 1054 531 1119 summis
562 1055 726 1120 virtutibus
756 1044 873 1140 prodito
903 1059 934 1123 et
962 1059 1038 1124 bene
1068 1058 1226 1124 desoluto
1255 1060 1392 1125 omnium
1414 1061 1445 1125 61
1473 1079 1547 1143 paco

295 1169 530 1235 christianitatis
554 1172 707 1252 sentienti,
730 1192 785 1238 nos
808 1193 926 1259 quoque
947 1174 1033 1240 illius
1048 1175 1140 1241 iidem
1163 1177 1194 1240 et
1215 1175 1426 1260 integritatem
1442 1177 1546 1254 secuti,

295 1285 441 1351 mandata
455 1285 503 1351 illi
525 1290 630 1352 nostra
653 1288 792 1355 dedimus
816 1291 855 1356 ad
878 1288 1038 1357 Caesarem
1060 1291 1251 1375 perferenda;
1275 1293 1306 1357 61
1327 1310 1397 1357 cum
1419 1293 1478 1358 iter
1493 1312 1547 1376 per

294 1399 430 1468 Gelliam
453 1402 587 1469 facturus
611 1407 701 1484 essct
724 1407 876 1472 voluimus
900 1409 935 1474 ut
950 1407 1053 1491 aliqua
1075 1409 1175 1472 tecum
1191 1408 1305 1472 nostris
1328 1408 1427 1472 vorbis
1450 1408 1544 1474 collo·

293 1519 441 1600 queretur.
465 1519 633 1586 Hortamur
647 1521 743 1605 igitur
758 1523 1058 1607 circumspectionem
1074 1525 1160 1588 tuam
1175 1523 1208 1588 in
1223 1523 1355 1590 Domino
1378 1525 1408 1589 et
1423 1523 1544 1589 instan-

293 1632 413 1698 tissime
429 1634 570 1718 petimus,
586 1637 621 1702 ut
630 1656 700 1703 eum
715 1639 799 1704 omni
814 1640 867 1704 tua
882 1639 983 1722 gratia
997 1639 1131 1722 excipere
1148 1639 1308 1722 tutumque
1323 1638 1370 1704 illi
1380 1638 1545 1704 transitum

292 1749 323 1814 et
344 1749 518 1832 expeditum
540 1751 671 1831 reddere,
694 1753 844 1838 fidemque
859 1754 892 1820 in
915 1755 1056 1822 omnibus
1079 1773 1155 1839 quae
1177 1773 1195 1819 6
1217 1755 1307 1820 nobis
1326 1754 1436 1820 dixerit
1454 1754 1543 1820 adhi-

292 1863 362 1930 bere
378 1866 462 1944 uelis,
477 1866 510 1932 in
525 1887 583 1951 quo
599 1887 658 1935 non
676 1870 774 1936 solum
790 1869 878 1935 nobis
894 1889 958 1936 rem
973 1869 1185 1956 gratissimam
1202 1870 1253 1937 sed
1263 1870 1392 1936 utilitati
1407 1870 1544 1936 omniurn

292 1979 508 2049 mutuantem
518 1983 659 2050 effeceris.
683 1985 799 2050 Datum
810 1986 925 2052 Romae
934 1985 984 2052 die
992 1986 1036 2052 iii.
1044 1985 1162 2071 Aprilis
1172 1985 1289 2052 mdxxv.
1305 1986 1394 2053 Anno
1405 1984 1543 2052 seeundo.

859 2100 982 2188 (Foris).

609 2215 699 2282 Anno
722 2216 853 2284 secundo
876 2217 995 2284 mdxxv.
1039 2217 1157 2302 Aprilis
1178 2217 1223 2286 iii

503 2331 629 2398 Duobm
651 2331 857 2400 cardinalibus

503 2447 628 2515 Duobus
651 2449 805 2516 nobilibus

502 2564 582 2629 Duci
604 2563 772 2632 Sabaudiae

503 2676 642 2764 Quinque
665 2682 808 2748 brevibus
831 2702 884 2767 pro
907 2681 954 2748 Jo.
978 2683 1048 2748 Bar.
1072 2681 1109 2748 de
1132 2681 1315 2749 Gattinaria.

890 2943 941 3008 90.

806 3107 1020 3190 Vlceregl.

376 3261 494 3328 Dilecto
516 3261 562 3328 fili
584 3264 639 3328 etc.
685 3263 852 3345 Postquam
868 3263 971 3328 noster
992 3263 1154 3345 perpetuus
1170 3280 1256 3326 amor
1277 3261 1309 3326 iu
1326 3279 1445 3327 scmuum
1461 3261 1537 3328 Cae-

288 3399 395 3456 sarem,
418 3379 502 3445 omni
518 3379 580 3444 iam
597 3398 649 3462 per·
664 3377 723 3443 Dei
737 3377 959 3462 providentiam
977 3377 1193 3462 impedimento
1210 3377 1338 3457 sublato,
1362 3397 1422 3443 666
1438 3378 1537 3444 solum

288 3494 443 3560 voluntate
466 3494 635 3560 sedetiam
658 3494 841 3560 arctissimis
864 3494 995 3560 vinculis
1019 3493 1172 3560 societatis
1196 3495 1227 3558 61
1242 3492 1351 3558 sederis
1375 3493 1537 3580 colligatus

286 3612 343 3689 est
366 3611 405 3676 ad
428 3611 519 3678 fidem
550 3610 736 3676 inviolabilis
759 3610 913 3678 amicitiae
937 3610 1170 3694 sempitemam‚
1200 3609 1279 3674 nihil
1301 3609 1390 3675 nobis
1419 3609 1483 3674 iam
1505 3609 1537 3674 in

286 3727 387 3792 studio
403 3726 559 3793 ardentius
575 3727 630 3806 est,
654 3745 746 3810 quam
760 3727 795 3791 ut
816 3725 914 3810 ipsius
938 3726 1102 3792 serenitate
1117 3725 1198 3790 socie
1213 3725 1243 3790 et
1268 3723 1414 3790 adiutrice
1432 3743 1536 3808 pacem

288 3841 410 3922 ltaliae,
433 3841 618 3908 christianae
634 3841 816 3925 reipublicae
832 3843 870 3908 ab
893 3841 998 3924 impiis
1021 3842 1053 3907 61
1074 3839 1261 3906 immanibus
1276 3840 1384 3906 Turcis
1407 3839 1536 3905 tutelam

286 3961 317 4024 et
340 3959 536 4025 securitatem
550 3977 760 4042 procuremus;
783 3977 876 4042 quam
890 3956 1022 4044 gloriam
1037 3958 1069 4023 et
1084 3956 1263 4022 felicitatem
1278 3957 1314 4021 ut
1327 3955 1406 4022 alias
1422 3955 1536 4022 multus

285 4073 466 4140 mandimus
489 4075 528 4140 ab
550 4075 757 4156 omnipotente
779 4073 843 4140 Deo
859 4073 981 4140 tieeseri
1003 4073 1188 4138 destinetam
1210 4073 1242 4139 et
1264 4071 1447 4156 desponsam
1461 4092 1536 4150 esso,

286 4188 372 4255 vobis
396 4189 556 4270 presertim
579 4189 715 4268 ducibus,
738 4209 866 4274 quorum
888 4189 922 4254 in
945 4208 976 4255 re
998 4189 1128 4254 militari
1142 4188 1240 4254 virtus
1263 4189 1294 4254 61
1317 4187 1444 4252 66166116
1466 4207 1534 4252 ma-

285 4304 367 4370 ximo
389 4301 592 4391 experimento
614 4303 808 4388 comprobata
829 4305 885 4383 est
908 4304 1010 4388 itaque
1029 4306 1061 4369 et
1082 4321 1159 4388 quae
1174 4305 1212 4370 ad
1235 4303 1427 4370 nobilitatem
1449 4305 1534 4368 tuem

284 4419 368 4488 omni
390 4420 502 4486 honore
530 4419 702 4506 augendam
731 4419 884 4504 pertinent
913 4439 1019 4486 sumus
1048 4419 1252 4486 libentissime
1274 4419 1392 4486 lecturi.
1445 4417 1534 4486 Nunc
