3364 5102
695 411 940 479 ..329-

779 634 853 702 247.

469 802 599 863 Comes
622 801 865 875 ortemburga
888 800 1060 861 clementi
1084 800 1157 860 v11.

637 912 724 1000 (Litt.
740 912 834 997 princ.
850 912 907 978 III.
924 910 991 998 44).

667 1029 710 1116 (7.
725 1027 832 1094 Martii
849 1027 959 1115 152⁶).

275 1246 280 1258 .
306 1245 312 1258 .
336 1193 382 1259 De
405 1192 531 1259 uictoria
553 1191 609 1256 illa
632 1190 716 1258 omni
739 1191 858 1258 sacculo
877 1189 1074 1257 memoranda
1096 1188 1176 1273 apud
1200 1208 1249 1256 mo
1271 1187 1420 1273 gratulati

185 1329 246 1377 noa
260 1311 363 1394 potest
384 1328 450 1375 esso
472 1326 534 1375 noa
549 1327 679 1387 samma,
703 1326 773 1374 cam
788 1306 860 1393 qaia
874 1307 930 1373 illa
945 1324 963 1372 a
978 1307 1042 1372 Deo
1065 1305 1272 1391 omnipotente
1287 1303 1320 1371 ia
1335 1304 1438 1388 partes

184 1445 340 1492 caesareas
356 1424 550 1491 serenissimo
564 1423 695 1509 principi
718 1442 786 1490 meo
801 1441 977 1490 communes
992 1421 1150 1501 concessit,
1172 1421 1240 1488 tam
1263 1419 1335 1505 quia
1351 1419 1437 1486 uideo

186 1559 263 1621 eam,
285 1541 347 1607 uisi
369 1561 419 1607 mc
442 1540 524 1607 fallit
545 1539 701 1620 indiciam,
730 1540 763 1606 iu
785 1539 880 1607 totins
902 1537 1139 1605 christianitatis
1168 1535 1347 1603 benefitium
1368 1553 1436 1602 cos·

185 1675 297 1723 saram.
342 1657 410 1723 lam
432 1657 515 1723 anim
537 1655 611 1723 licct
634 1657 661 1722 si
683 1675 817 1742 unquam
841 1656 928 1735 alias,
951 1672 1071 1739 sperare
1085 1652 1222 1720 futuram
1243 1671 1311 1718 esse
1332 1669 1436 1717 ueram

184 1772 364 1857 firmamque
387 1772 578 1839 concordiam
600 1774 632 1839 et
653 1791 759 1857 pacem
781 1791 857 1857 qaae
882 1771 976 1838 semel
1005 1769 1124 1837 rcdffita
1147 1769 1270 1836 sanctae
1292 1764 1436 1834 ecclesiae

183 1889 214 1955 ct
236 1888 433 1974 potissimum
461 1888 660 1956 beatitudinis
690 1889 808 1954 uestrae
837 1887 997 1973 auspiciis,
1026 1886 1123 1952 ferrea
1150 1885 1226 1952 baec
1255 1883 1375 1950 saecula
1403 1882 1436 1947 ia

182 2022 273 2070 aurea
302 2005 512 2085 commutabit
541 2003 673 2090 adeoquo
702 2022 758 2071 aos
776 1997 907 2090 'glutino
930 2003 994 2071 veri
1023 2002 1136 2070 amoris
1158 1999 1372 2078 conciliabant
1401 1999 1437 2063 at

182 2120 282 2186 omnis
311 2120 411 2186 rabies
441 2139 517 2206 qaae
546 2121 627 2187 inter
655 2119 839 2187 christianos
861 2120 969 2187 maltis
999 2119 1128 2186 saeculis
1150 2135 1234 2184 more
1263 2113 1434 2183 balluarum

180 2215 259 2302 irato
281 2235 369 2303 uobis
392 2236 456 2302 Deo
479 2237 609 2303 exercita
631 2239 687 2316 cst,
710 2235 835 2303 tandem
857 2236 1000 2321 corripiat
1022 2236 1143 2302 bostem
1166 2233 1350 2300 christianae
1372 2229 1433 2296 rei·

180 2351 319 2435 publicae
340 2352 478 2418 laneam.
518 2349 603 2433 Quod
627 2353 776 2437 quantum
798 2371 885 2418 meus
907 2352 1047 2436 princeps
1069 2351 1191 2435 exoptat
1211 2351 1248 2416 at
1268 2348 1322 2433 qai
1343 2347 1435 2414 malit

180 2467 318 2550 publicae
340 2467 385 2534 roi
407 2468 542 2552 maneria
564 2468 691 2552 proferri
713 2486 805 2552 qaam
827 2468 946 2553 putata
962 2467 1110 2553 ampliare
1133 2519 1139 2532 .
1164 2518 1170 2532 .
1195 2519 1202 2532 .
1223 2465 1345 2544 iniuria,
1372 2483 1434 2531 aon

180 2601 256 2668 opus
279 2585 327 2650 aet
348 2586 385 2651 ut
405 2585 471 2668 ipse
486 2585 626 2668 pluribus
641 2585 744 2651 vorbis
767 2603 868 2670 agam
891 2584 970 2669 quod
987 2584 1083 2650 sciam
1097 2583 1295 2650 notissimum
1318 2580 1350 2647 iol
1364 2598 1432 2648 esse

179 2699 361 2766 beatitudini
390 2701 516 2768 vestiae.
561 2699 662 2767 Multo
691 2701 795 2770 antem
823 2699 927 2767 minus
956 2699 993 2766 (lc
1016 2717 1140 2785 syncera
1169 2716 1238 2764 mco
1268 2695 1368 2763 studio
1398 2695 1431 2763 iu

179 2815 375 2883 sanctitatem
397 2817 530 2882 acsbam
558 2814 595 2881 cle
618 2835 739 2882 samma
761 2835 879 2901 quoque
908 2815 1064 2882 affmtione
1087 2815 1119 2881 at
1147 2813 1341 2881 observantia
1362 2830 1431 2878 mea

177 2930 211 2996 in
234 2933 372 2997 sanctam
394 2931 488 2997 istam
511 2929 620 2998 Sedcm
642 2931 716 3016 qaid
737 2932 898 2998 verbosum
926 2950 988 2998 uon
1017 2932 1090 3016 pato
1113 2949 1179 2996 csse
1208 2927 1431 3007 inculcandam,

178 3046 297 3131 quaudo
320 3047 405 3113 omni
432 3048 567 3132 temporo
597 3049 746 3132 quantam
767 3048 801 3114 in
823 3067 873 3114 me
895 3048 955 3114 fait
977 3048 1009 3114 ct
1037 3045 1199 3114 bonon‘ficc
1223 3044 1306 3112 sensi
1328 3045 1359 3111 et
1380 3042 1429 3110 lo·

177 3163 266 3228 catus
285 3181 353 3228 sam
376 3162 413 3230 de
435 3164 463 3230 b.
480 3183 516 3243 a,
540 3161 669 3230 Sanctae
692 3161 779 3231 Sedis
803 3182 875 3230 saae
897 3163 1081 3249 dignitatem
1104 3160 1299 3229 asserendam
1321 3158 1429 3226 exuci-
1512 3149 1520 3162 '

178 3295 276 3357 maus,
299 3277 432 3363 adeoque
455 3279 669 3346 serenissimus
691 3279 832 3364 puuceps
854 3299 950 3360 meas,
974 3279 1054 3345 sicut
1067 3296 1128 3345 nou
1143 3279 1270 3344 obscura
1293 3274 1430 3359 exempla

178 3391 243 3457 ains
266 3391 312 3458 rei
333 3391 425 3474 dedit,
448 3393 493 3460 ita
514 3393 548 3461 in
570 3397 734 3481 posteram,
764 3413 813 3462 me
836 3395 985 3462 monitore
1007 3393 1094 3460 dabit
1116 3395 1148 3460 ot
1163 3393 1191 3460 si
1212 3411 1265 3478 pro
1289 3410 1344 3458 saa
1365 3391 1428 3456 im-

177 3526 284 3573 mensa
305 3508 419 3592 pietate
447 3509 480 3576 in
502 3511 602 3576 Deam
631 3513 722 3596 atque
752 3529 853 3578 amore
883 3529 956 3597 erga
985 3510 1181 3577 sanctitatem
1210 3509 1344 3575 vesbam
1368 3524 1428 3572 acu

176 3621 340 3690 admodum
363 3643 438 3709 opas
461 3626 573 3692 habant
593 3626 775 3712 instigatore
797 3627 886 3711 quale
908 3628 1012 3694 tamen
1035 3645 1084 3694 me
1106 3625 1218 3693 itemm
1241 3623 1331 3691 oticro
1353 3623 1427 3689 bca-

176 3737 302 3807 titudini
331 3744 449 3808 vestrae
478 3741 563 3808 omni
591 3741 681 3808 filiali
711 3742 811 3810 stadio
841 3745 873 3809 ct
901 3743 1044 3828 obsequio
1074 3741 1154 3826 quod
1184 3760 1202 3806 a
1231 3757 1281 3805 mc
1310 3738 1428 3823 exigere

175 3856 245 3939 pole
263 3855 288 3921 't
315 3858 346 3923 ct
368 3874 424 3942 ego
453 3859 602 3941 quatenus
626 3857 706 3925 uires
737 3877 822 3925 meac
853 3859 1013 3940 valuerint
1043 3858 1143 3925 enitar
1170 3857 1325 3940 pmestarc
1353 3872 1426 3937 pao·

174 3969 357 4052 paucissima
379 3973 535 4039 voluntate
556 3976 611 4040 etc.

264 4086 308 4151 Ex
330 4087 507 4172 Inuspragg
529 4088 578 4154 dic
601 4089 651 4156 aii.
676 4089 792 4155 mensis
815 4090 922 4156 Martii
943 4091 1062 4156 mduxv.

1110 4320 1144 4388 a
1168 4339 1191 4386 s,
1215 4340 1241 4386 v.

944 4438 1134 4506 Hamilimas
1157 4440 1189 4505 ct
1210 4441 1273 4506 obs.
1298 4432 1425 4506 servitor

975 4551 1011 4622 G.
1028 4553 1135 4622 Comes
1149 4557 1183 4622 iu
1199 4555 1393 4645 Ortombarg.
