3400 5088
702 393 946 464 -115—

197 592 258 661 mis
273 593 420 660 fratribus
436 591 562 660 Caesare
578 595 608 658 et
623 593 675 658 tuo
698 592 833 676 principe
848 611 918 658 eum
934 591 1227 676 semperconiuneta
1241 592 1324 660 omni
1348 592 1448 658 studio

198 709 310 776 amoris
332 709 393 776 fuit
420 710 488 777 tum
515 709 727 792 inposterum
756 727 822 774 esse
852 709 926 786 vult
949 727 1134 792 quemquam
1166 727 1288 773 necesse
1310 727 1370 774 non
1392 711 1447 786 est

198 825 389 891 hortabimur
411 828 515 891 tamen
544 823 735 890 devotionem
765 823 850 888 tuam
874 825 908 888 ut
931 842 984 907 pro
1007 825 1072 888 loco
1094 828 1125 889 et
1148 824 1327 889 auctoritate
1357 843 1449 909 quam

198 940 279 1026 geris
302 941 355 1007 des
370 960 494 1025 operam
516 942 607 1024 atque
622 939 737 1005 enitare
759 939 794 1004 ut
816 938 978 1022 aliquando
997 939 1109 1004 virtute
1132 941 1255 1004 tuorum
1277 939 1449 1022 principum

199 1057 366 1122 christiana
388 1076 436 1122 res
466 1057 500 1122 in
527 1055 685 1121 meliorem
707 1056 739 1120 et
761 1054 906 1121 tutiorem
933 1055 1035 1120 locum
1064 1054 1193 1120 deducta
1215 1075 1281 1120 esse
1314 1055 1451 1120 rideatur

200 1171 279 1256 qrxod
294 1172 425 1237 maxime
442 1172 495 1237 fiet
508 1170 650 1237 hereticis
667 1171 853 1254 extirpandis
872 1169 903 1236 et
917 1169 1091 1236 infidelibus
1108 1170 1342 1246 contamdeudis;
1366 1171 1451 1236 cuius

201 1293 270 1352 tuae
299 1307 405 1371 operae
428 1289 459 1353 et
481 1287 659 1371 diligentiae
688 1288 755 1351 turn
787 1286 935 1351 maximos
959 1305 977 1350 a
999 1287 1063 1351 Deo
1094 1287 1210 1351 tructus
1233 1289 1300 1352 tum
1322 1306 1341 1351 a
1364 1287 1451 1352 nobis

201 1405 232 1469 et
253 1403 324 1469 aliis
346 1404 487 1469 omnibus
503 1405 607 1488 quales
630 1402 735 1467 licebit
758 1403 870 1486 poteris
885 1421 1005 1486 sperare
1020 1404 1110 1485 atque
1133 1405 1295 1486 expectare.
1335 1402 1451 1467 Datum

202 1521 317 1585 Rornae
339 1519 388 1585 die
410 1519 467 1584 xxi.
490 1517 597 1584 Martii
620 1518 737 1583 mdxxv.
783 1518 872 1584 Anno
896 1517 1033 1584 secundo.

808 1779 859 1844 84.

501 1945 725 2006 Bernardino
748 1944 794 2004 de
815 1938 1152 2022 Frangepanibual)

277 2102 413 2168 ‘Dilecta
427 2099 481 2166 fili.
519 2099 653 2166 Litterae
668 2102 737 2164 tuae
759 2100 866 2182 plenae
881 2098 974 2164 officii
989 2100 1078 2183 atque
1094 2098 1207 2166 amoris
1222 2099 1354 2167 tuissent
1368 2101 1456 2168 nobis

206 2218 303 2284 multo
326 2217 474 2301 gratiores
498 2216 526 2281 ei
548 2218 579 2281 te
600 2235 690 2299 quem
706 2213 793 2280 valde
816 2215 849 2278 in
864 2214 994 2280 Domino
1012 2213 1170 2298 diligimus
1193 2215 1287 2281 nullis
1306 2217 1457 2283 molestiis

205 2353 383 2418 oppressum
398 2332 669 2407 intellexissemus;
692 2333 772 2395 certe
795 2330 877 2395 enim
892 2329 1055 2396 dolendum
1078 2333 1125 2396 est
1140 2332 1240 2396 Deum
1263 2332 1455 2416 omnipoten-

207 2451 270 2514 tem
285 2447 416 2532 peceatis
431 2447 544 2513 nostris
567 2446 714 2511 infestum
729 2445 851 2510 tantum
867 2445 986 2510 arbitrii
1001 2447 1032 2510 et
1046 2445 1186 2511 licentiae
1202 2446 1334 2514 efferatis
1357 2447 1457 2514 boati·

207 2564 265 2630 bns
287 2563 448 2629 christiani
469 2561 603 2629 nominis
632 2561 836 2626 tribuissent
859 2579 978 2644 semper
1000 2561 1114 2626 nostris
1138 2562 1259 2628 damnis
1282 2565 1361 2632 vires
1386 2583 1457 2630 suas

208 2679 365 2745 ostendere
388 2680 418 2742 et
440 2678 588 2762 ampliare
610 2676 749 2742 audeant.
795 2673 892 2755 Quem
915 2693 970 2740 nos
988 2695 1144 2758 speramus
1160 2678 1257 2761 ipsius
1276 2679 1347 2746 freti
1361 2681 1457 2746 mise·

210 2794 337 2861 ricerdis
359 2793 521 2878 aliquando
551 2793 658 2859 mitius
681 2795 713 2859 et
734 2791 897 2875 benignius
927 2810 974 2856 res
997 2793 1118 2857 nostras
1147 2797 1369 2877 respecturum,
1398 2796 1457 2863 hoc

210 2910 342 2976 maxime
364 2911 498 2992 tempore
521 2927 579 2993 quo
594 2909 681 2974 tanta
704 2909 734 2973 et
756 2909 822 2971 tam
844 2906 1019 2972 admirabili
1034 2907 1159 2973 victoria
1182 2909 1221 2974 ad
1244 2927 1362 2976 ser.mun
1382 2909 1458 2978 Oee-

211 3045 310 3091 sarem
324 3025 433 3102 delata
448 3023 530 3090 viam
542 3023 631 3090 nobis
640 3024 760 3088 munire
769 3022 808 3088 ad
818 3024 955 3088 sanctam
970 3023 1190 3106 expeditionem
1203 3025 1330 3092 videbar.
1353 3025 1461 3111 Itaque

212 3161 267 3207 nos
290 3143 321 3207 et
342 3141 494 3206 instamus
517 3139 638 3205 assidue
660 3141 696 3204 ut
717 3139 774 3204 hoc
796 3139 1000 3205 necessarium
1024 3139 1138 3204 bellum
1162 3139 1305 3207 adversm
1325 3142 1460 3208 Turohas

213 3256 396 3342 suscipiatur
410 3257 442 3322 at
462 3255 586 3321 interim
610 3254 683 3319 dum
697 3253 755 3320 hoe
770 3253 825 3319 liat
839 3256 886 3320 tui
901 3257 932 3320 et
946 3273 1048 3320 rerum
1063 3256 1185 3320 tuarum
1201 3255 1338 3323 omnium
1356 3276 1461 3323 curam

214 3376 362 3456 qnantum
384 3369 473 3438 nobis
493 3370 599 3436 licebit
621 3387 682 3436 non
698 3389 804 3437 sumus
819 3369 978 3445 omissuri3
1000 3371 1032 3435 te
1053 3370 1086 3435 in
1101 3370 1233 3436 Domino
1255 3371 1413 3439 hortantes
1428 3375 1463 3440 ut

215 3507 269 3573 pro
292 3489 345 3554 tua
370 3489 402 3554 et
424 3487 575 3552 maiorum
603 3488 726 3552 tuorum
754 3486 868 3570 pietate
897 3504 933 3552 ac
957 3485 1070 3550 virtute
1093 3485 1167 3551 forti
1195 3486 1337 3554 resistere
1360 3489 1463 3555 animo

215 3606 247 3669 et
268 3602 422 3688 amuirere
443 3599 581 3686 perpetui
606 3601 711 3668 meriti
739 3602 874 3686 gratiam
905 3600 985 3684 apud
1014 3602 1115 3667 ileum
1146 3603 1176 3668 et
1206 3621 1261 3668 nos
1291 3605 1464 3672 contendas.

217 3717 283 3784 Nos
306 3721 386 3785 certe
416 3717 570 3784 nobilitati
593 3718 664 3783 tnae
686 3735 721 3782 ax
744 3717 846 3782 animo
875 3716 1021 3796 favemus,
1050 3717 1208 3802 ipsamque
1231 3718 1390 3803 diligimus
1414 3739 1465 3786 se-

216 3835 371 3918 lntemque
393 3833 425 3898 et
446 3831 702 3918 tranquillitatem
722 3833 807 3898 tuam
829 3832 932 3917 aliqua
953 3833 1041 3898 nobis
1065 3833 1168 3899 oblata
1182 3835 1337 3902 occasione
1361 3856 1466 3904 sumus

218 3949 301 4015 cordi
322 3948 465 4014 habituri.
495 3946 582 4028 Quod
604 3967 674 4038 raro
697 3947 736 4012 ad
757 3947 905 4014 iubileum
919 3947 991 4013 istis
1014 3948 1234 4033 indulgendum
1250 3952 1370 4032 attinet,
1393 3972 1466 4037 gra-

218 4065 295 4130 tiam
317 4065 376 4130 tibi
390 4067 527 4146 nostram
542 4064 672 4130 libenter
694 4063 921 4147 impertivimus
937 4064 1016 4128 sicut
1038 4084 1091 4148 per
1113 4065 1190 4130 alias
1205 4069 1326 4133 nestas
1349 4067 1469 4134 litteras

219 4199 390 4266 cognosces,
419 4180 452 4244 in
475 4199 534 4264 qua
556 4199 592 4246 ea
614 4200 646 4246 re
669 4182 700 4246 et
722 4179 793 4245 aliis
822 4180 964 4246 omnibus
993 4199 1114 4246 omnem
1144 4184 1281 4249 nostram
1310 4187 1470 4269 paternam

219 4295 442 4381 benignitatem
465 4295 524 4361 tibi
545 4299 577 4361 et
592 4296 654 4361 tuis
676 4296 766 4362 rebus
782 4314 888 4361 sumus
912 4315 1030 4378 semper
1053 4297 1244 4380 praestitum
1268 4299 1347 4364 sicut
1368 4317 1470 4365 coram

315 4545 332 4608 ί)
352 4547 432 4597 Comes
451 4545 541 4604 illyriae
559 4551 598 4605 qui
617 4561 708 4596 summa
727 4549 813 4596 virtuts
830 4548 957 4595 insultibus
974 4548 1097 4596 'lurcorum
1115 4549 1249 4598 obstiterat

1276 4635 1313 4704 8*
