3396 5090
682 363 927 433 -177-

174 562 348 648 approbate
400 559 466 627 Nos
489 561 614 628 veroin
642 561 692 627 his
715 580 792 646 quoe
820 559 1071 628 consistorialiter
1093 559 1193 626 dende
1216 561 1295 642 sunt
1325 557 1428 628 omnio

175 677 213 744 de
235 677 365 743 butrum
387 677 513 744 oonsilio
535 677 633 744 faeere
648 677 870 756 eonsusvimus
893 677 946 761 qui
960 676 1015 743 ubi
1035 675 1070 742 in
1091 677 1198 744 urbem
1222 696 1255 744 se
1269 677 1429 744 retulerint

174 794 338 861 referemus
361 793 400 859 ed
422 793 644 874 consistorium,
666 793 700 859 in
715 812 775 878 que
796 792 920 878 quidem
943 811 975 859 re
997 794 1028 858 et
1049 792 1084 859 in
1098 792 1206 859 esteris
1229 794 1334 860 nostra
1356 811 1429 879 erge

176 914 281 977 ser.tem
305 909 392 975 tuom
415 909 620 977 benivolentia
649 927 792 995 emorque
815 908 976 975 6616161111.
1022 909 1138 976 Datum
1160 909 1276 976 11611166
1299 909 1354 988 ete.
1377 908 1427 975 die

174 1025 244 1092 xvii
268 1023 410 1092 Oetobris
432 1024 552 1093 mdrxv.
597 1024 688 1092 Anno
713 1025 851 1092 seeundo.

771 1287 843 1354 133.

599 1451 802 1512 Marehlonl
825 1451 1012 1513 Pisuertes.

266 1605 380 1672 Dileeti
401 1605 454 1672 fin
499 1603 705 1690 Cognovimus
734 1625 769 1672 61
798 1603 909 1672 (1116616
936 1604 1001 1671 fflio
1029 1605 1114 1688 Lupo
1137 1604 1276 1672 Hurtedo
1306 1606 1429 1674 homine

175 1720 322 1805 prudente
343 1739 420 1807 quoe
441 1721 513 1788 istie
534 1720 717 1801 oeciderunt,
741 1713 778 1788 ’61
800 1739 876 1805 queo
899 1721 1007 1787 nob.ies
1028 1721 1083 1786 tou
1105 1739 1159 1804 per
1188 1740 1259 1787 eum
1282 1722 1370 1788 nobis
1392 1741 1428 1789 eo

177 1857 230 1921 per
244 1837 322 1902 elius
338 1856 409 1903 suas
423 1837 543 1902 littores
566 1836 664 1902 voluit
679 1835 854 1920 significari.
900 1835 1036 1921 Cumque
1050 1855 1106 1902 nos
1121 1836 1259 1902 vicissim
1274 1836 1311 1903 de
1325 1834 1430 1903 nostru

178 1953 335 2019 voluntate
357 1953 504 2019 vellemus
526 1953 558 2018 ts
572 1952 670 2018 faeere
693 1951 861 2032 certiorem,
884 1951 1044 2018 missimus
1067 1951 1210 2018 (11111611
1232 1952 1331 2018 filium
1347 1952 1429 2018 Peu-

177 2069 243 2133 lum
273 2066 310 2133 (16
339 2067 459 2134 Arretio
491 2067 692 2134 camerarium
722 2069 862 2134 nostrum
884 2067 924 2133 ed
953 2069 1087 2134 te-onm
1111 2067 1267 2134 mundetis
1296 2087 1373 2153 quae
1404 2069 1431 2138 is

177 2183 299 2250 deberet
313 2185 417 2250 noslro
432 2183 555 2250 nomine
569 2182 793 2251 eommunioere
808 2185 919 2264 tecum,
934 2201 1011 2269 quse
1028 2185 1101 2250 sunt
1118 2183 1158 2249 od
1172 2202 1278 2267 paoem
1293 2185 1324 2249 et
1342 2185 1429 2251 tren·

175 2299 361 2384 quillitatem
383 2299 492 2366 1161166
515 2319 586 2367 oum
609 2299 817 2366 satisfeetiooe
840 2304 928 2366 serrni
949 2297 1089 2366 (16666116
1111 2299 1146 2365 ut
1168 2299 1354 2366 orbiusmur
1376 2318 1429 2366 66-

176 2415 376 2494 commodate
398 2415 556 2482 hortemur
570 2418 689 2482 nob.tom
704 2415 791 2482 tuem
805 2415 839 2481 in
853 2414 986 2481 Domino
1001 2416 1037 2482 ut
1051 2413 1080 2480 ei
1095 2414 1128 2482 in
1142 2414 1192 2480 his
1208 2414 1300 2482 fidem
1320 2416 1431 2482 hebere

177 2531 262 2596 uelis.
308 2530 423 2597 Datum
446 2532 562 2598 Romus
583 2531 638 2598 ete.
669 2530 718 2598 die
740 2529 821 2598 xxiii.
845 2530 986 2598 Octobris
1010 2530 1128 2598 mdrxr.
1173 2530 1263 2598 Anno
1293 2531 1431 2598 seeundo.

268 2761 376 2830 itidem
398 2762 435 2830 16
457 2762 564 2831 oedem
586 2783 626 2830 16.
671 2762 730 2830 Die
751 2763 828 2829 xxvi.
853 2761 1003 2830 Ootobris.
1048 2762 1137 2830 Anno
1160 2765 1196 2830 ut
1219 2783 1319 2849 supro

266 2995 346 3060 Duoi
368 2993 537 3062 Sebeudiee
559 3031 604 3042 -
625 2994 794 3078 Responsio
816 2994 855 3062 ed
878 2995 943 3062 eius
965 2994 1094 3075 littores,
1118 2994 1155 3061 (16
1177 2993 1316 3080 episeopo
1341 2993 1432 3060 Mou-

178 3109 373 3178 1161616161
401 3111 624 3178 ourdinulstum
653 3110 864 3196 promovendo.
910 3110 969 3177 Die
991 3110 1079 3176 xxvii.
1104 3109 1253 3177 Ootobris.
1278 3147 1321 3158 -
1345 3110 1434 3176 Anno

181 3227 217 3291 ut
239 3245 340 3310 supro.

757 3361 863 3372 ———

269 3459 420 3526 Beliserio
442 3458 598 3542 Aquevivo
621 3459 659 3526 (16
673 3459 828 3543 drugonis
849 3458 1062 3526 Neritinorum
1084 3458 1164 3524 Duei
1186 3495 1230 3505 -
1252 3457 1380 3524 Librum
1396 3459 1435 3523 ab

182 3595 216 3642 eo
239 3577 394 3642 exaratum
417 3593 453 3641 66
476 3593 530 3641 suo
544 3574 661 3640 nomini
684 3574 865 3659 inscriptum
888 3574 1023 3659 pontifex
1045 3573 1197 3659 aeospisse
1214 3593 1245 3640 se
1264 3576 1438 3658 aegrotum

181 3691 326 3758 habuisse
349 3691 562 3776 multiplieiter
585 3689 747 3774 signifieat.
764 3691 881 3757 —Die
903 3691 1003 3758 mviii
1028 3689 1170 3757 Oetobris
1193 3707 1272 3756 enno
1287 3691 1323 3754 uo
1338 3707 1437 3774 supra.

778 3951 851 4018 134.

326 4115 455 4176 vitello
479 4116 525 4175 ds
546 4115 681 4176 vitellis
703 4127 893 4176 emmorum
915 4119 983 4176 ete.
1005 4116 1147 4176 ductori
1171 4118 1309 4174 nostru.

276 4270 390 4338 Dileoti
405 4269 460 4336 fili
492 4268 569 4336 Gom
584 4269 634 4335 his
650 4269 756 4336 diebus
779 4270 914 4336 oestrum
928 4269 1014 4337 Petri
1029 4269 1157 4336 dioossis
1175 4266 1441 4353 Bulneoregiensis

183 4406 202 4454 6
225 4387 319 4471 Pyrro
347 4387 384 4452 (16
408 4384 561 4470 Sipioieno
583 4385 730 4452 violenter
745 4387 925 4471 occupatum
948 4385 1195 4452 mandaverimus
1220 4383 1388 4468 recuperari
1406 4401 1442 4448 66

185 4502 238 4570 dil.
261 4501 344 4568 filins
360 4501 546 4587 rioelegetus
568 4502 747 4587 patrimonii
761 4501 795 4568 in
809 4502 894 4568 illius
910 4499 1066 4568 obsidione
1089 4501 1140 4580 sit,
1163 4499 1228 4567 Nos
1244 4501 1314 4566 tuse
1330 4497 1439 4564 virtuti

239 4628 341 4675 mneos·
354 4629 462 4667 eumne·
476 4628 523 4667 vin
1239 4609 1280 4675 12
