3396 5090
713 271 957 339 -183-

210 465 429 550 gratissimam
476 463 626 547 Quoniam
649 467 752 533 entem
774 465 864 532 et'de
879 465 1089 533 coniunctione
1111 465 1270 532 nobiscum
1292 485 1328 532 ae
1350 465 1460 533 unione

208 580 313 648 eontra
342 581 480 648 infideles
502 581 659 667 promittis
688 582 776 648 nobis
805 582 908 648 omnia
930 601 1007 667 queo
1036 581 1223 648 fortissimus
1246 583 1278 649 et
1306 581 1458 647 maximus

207 697 346 783 princeps
369 697 527 764 Christum
548 699 649 765 Deum
671 716 839 784 agnoscens
863 717 987 765 romano
1016 697 1152 782 pontifici
1175 698 1258 766 beati
1279 697 1364 764 Petri
1387 716 1457 764 sruc-

206 814 319 880 cessori
340 814 518 898 promittere
540 815 649 898 potest,
672 816 704 881 et
725 815 845 900 qnaeris
868 833 887 879 a
909 813 997 880 nobis
1012 833 1071 898 quo
1093 817 1181 899 pacto
1203 815 1265 880 ista
1286 813 1458 880 coniunctio

207 929 273 996 fiori
295 931 393 1014 possit
415 931 447 996 et
469 929 586 1010 debeat,
609 929 669 997 iste
691 934 779 996 ven.is
802 929 932 996 nuncius
955 948 1045 1014 quem
1068 930 1232 1011 mittimus,
1254 929 1292 995 de
1314 929 1457 995 omnibus

206 1045 429 1129 teplenissime
451 1045 591 1126 instruet
614 1047 646 1113 et
660 1046 764 1113 omnia
786 1045 936 1114 desideria
957 1047 1062 1112 nostra
1077 1046 1135 1112 tibi
1153 1045 1276 1130 aperiet
1300 1045 1350 1111 cui
1364 1065 1455 1129 roga-

205 1181 274 1228 mus
308 1161 501 1228 nobilitatem
530 1163 616 1228 tuam
646 1163 682 1227 ut
710 1163 830 1228 tantem
859 1161 952 1228 fidem
981 1161 1107 1240 hebeat,
1136 1163 1316 1246 tentumque
1345 1160 1457 1240 eredat

205 1277 355 1361 quantum
377 1277 465 1344 nobis
488 1278 564 1361 ipsis
594 1277 728 1344 crederet
758 1277 786 1344 si
807 1278 838 1344 te
860 1278 1034 1362 praesentes
1064 1279 1299 1362 alloqueremur;
1328 1297 1456 1361 eumque

204 1391 335 1477 benigne
356 1393 389 1459 et
410 1395 549 1477 prompte
571 1393 611 1460 ad
632 1411 688 1458 nos
710 1393 849 1459 remittet
871 1393 924 1459 ubi
938 1394 1043 1458 nostra
1066 1394 1194 1459 consilia
1216 1393 1275 1459 tibi
1297 1393 1453 1477 signifiea-

204 1509 291 1588 verit,
314 1508 393 1575 siout
422 1509 516 1574 eiiam
539 1527 595 1575 nos
623 1509 756 1594 benigne
777 1510 809 1576 et
831 1527 900 1574 cum
924 1510 1107 1594 curratque
1137 1528 1240 1576 amore
1262 1509 1350 1574 tuum
1373 1528 1453 1574 nun-

202 1625 284 1692 cium
313 1625 372 1692 tibi
400 1625 595 1692 remittimus.
645 1625 683 1690 In
711 1624 761 1690 his
792 1625 894 1691 autem
922 1625 1036 1691 litteris
1066 1645 1127 1692 non
1156 1625 1323 1690 scribemus
1352 1624 1455 1690 omnia

202 1759 281 1825 quae
301 1742 403 1808 ocum
419 1741 536 1826 agenda
559 1741 632 1808 sunt
653 1759 747 1825 quum
762 1741 891 1807 nuncius
914 1742 1017 1807 noster
1038 1760 1089 1808 oro
1111 1742 1143 1806 et
1166 1741 1266 1806 verbis
1287 1740 1404 1824 largius
1423 1742 1454 1805 et

202 1856 312 1923 molius
335 1857 390 1923 illa
411 1857 593 1933 declarabit3
616 1877 706 1941 quem
729 1857 813 1923 iuxta
828 1859 914 1924 tuam
929 1858 1085 1943 egregiam
1099 1857 1324 1923 humanitatem
1347 1856 1378 1922 et
1401 1875 1453 1922 sa-

201 1971 350 2057 pientiem
373 1972 503 2039 libenter
525 1975 556 2040 et
578 1974 694 2039 attente
718 1973 830 2040 audies.
876 1972 959 2040 ssluu
982 1975 1082 2040 solum
1106 1973 1274 2039 scribemus
1296 1973 1398 2055 petere
1421 1974 1452 2038 et

199 2107 286 2155 orare
300 2107 355 2155 nos
370 2090 410 2154 ab
425 2089 632 2174 omnipotente
653 2090 726 2169 Deo,
749 2089 784 2156 ut
799 2091 852 2156 tua
867 2091 1008 2156 voluntas
1031 2089 1073 2156 sit
1094 2089 1139 2156 ita
1154 2107 1227 2174 erga
1241 2107 1297 2155 nos
1311 2089 1453 2172 prompta

201 2206 233 2270 et
255 2205 403 2284 benivola,
427 2205 505 2272 sicut
520 2207 625 2272 nostra
647 2225 720 2290 erga
742 2207 772 2273 te
795 2207 856 2284 est;
879 2206 911 2272 et
932 2206 992 2272 tibi
1005 2206 1190 2290 promittere,
1214 2205 1241 2270 si
1263 2205 1298 2269 ut
1313 2204 1452 2288 cupimus

200 2320 254 2387 fiet
275 2320 445 2387 desiderata
468 2321 647 2401 coniunctio,
671 2341 706 2388 ee
729 2323 967 2406 teerperturum
989 2341 1055 2388 esse
1077 2323 1199 2388 nostrae
1220 2322 1253 2388 et
1274 2319 1366 2386 timue
1382 2319 1452 2386 sue

200 2433 287 2502 Sedis
309 2435 344 2501 in
365 2437 566 2520 augmentum
588 2437 712 2504 honoris
734 2439 765 2504 et
787 2437 950 2522 dignitatis
972 2438 1042 2502 tuae
1066 2437 1168 2502 studia
1191 2455 1226 2502 ao
1248 2435 1394 2502 beneficia
1417 2437 1452 2502 ut

199 2551 299 2635 reipsa
314 2552 357 2617 sis
373 2551 550 2636 cogniturus
565 2571 621 2619 nos
638 2552 753 2620 sincero
769 2554 871 2620 animo
887 2553 1003 2638 optima
1018 2553 1078 2619 fide
1101 2552 1334 2636 incomparabili
1349 2570 1451 2618 amore

199 2667 258 2733 tibi
279 2669 310 2733 et
332 2668 496 2751 praeclaris
518 2668 581 2734 tuis
604 2669 768 2736 virtutibus
791 2669 914 2736 effmtos
937 2688 1005 2736 esse
1026 2670 1058 2736 et
1081 2689 1199 2753 semper
1221 2669 1325 2734 trisse.
1364 2667 1449 2734 Sicut

198 2782 237 2848 de
258 2783 315 2850 hoe
337 2785 368 2849 et
390 2783 461 2850 aliis
484 2784 523 2850 ab
547 2784 652 2852 eodem
675 2788 759 2851 ven.li
778 2785 887 2852 nuncio
910 2787 1013 2852 nostro
1036 2786 1090 2850 tuo
1112 2785 1258 2850 nobilitas
1280 2784 1374 2849 latins
1397 2785 1446 2848 in-

196 2899 326 2984 telliget.
371 2900 487 2966 Datum
510 2901 625 2966 Romae
647 2899 728 2968 xviii.
752 2899 935 2967 Novembris
956 2900 1076 2968 mdssv.
1121 2899 1210 2967 Anno
1234 2899 1372 2966 secundo.

789 3162 860 3227 141.

675 3327 761 3398 Regi
784 3326 964 3390 Polontae.

284 3477 455 3544 Carissimo.
501 3479 590 3544 Anno
613 3479 774 3562 praeterito
803 3500 874 3546 oum
896 3481 1025 3548 dilectus
1054 3481 1137 3547 fitius
1161 3481 1274 3546 Paulus
1304 3479 1445 3546 Centurio

193 3591 269 3659 civis
299 3591 469 3661 Gennensis
492 3595 678 3660 mercaturae
707 3594 875 3675 omusdem,
900 3599 932 3661 ut
962 3597 1027 3680 ipse
1056 3596 1184 3675 dicebat,
1209 3597 1384 3664 tractandae
1414 3599 1445 3662 et

194 3708 379 3776 ordinandae
394 3729 485 3776 oense
499 3709 533 3774 in
548 3708 734 3776 Messeniam
756 3711 945 3796 proiecturus
968 3713 1057 3793 esset
1081 3712 1199 3797 sibique
1215 3731 1284 3777 oum
1300 3711 1354 3778 illo
1370 3711 1444 3778 duee

193 3823 306 3892 diceret
321 3824 527 3909 cognitionem
541 3824 695 3909 quandam
709 3827 741 3892 et
755 3827 999 3894 familiaritatem
1013 3828 1205 3910 intercedere,
1220 3829 1310 3912 petiit
1324 3828 1444 3896 litteras

193 3957 212 4005 a
234 3940 322 4006 nobis
345 3939 620 4020 commendatitias,
643 3941 723 4025 qnod
745 3961 797 4009 ess
813 3942 873 4008 sibi
895 3962 1008 4029 magno
1031 3944 1101 4010 usui
1115 3945 1196 4029 apud
1217 3945 1309 4010 illum
1324 3943 1442 4010 futuras

193 4053 371 4136 affirmaret
394 4055 514 4140 qnando
537 4058 568 4122 et
583 4075 601 4122 s
617 4057 653 4123 te.
669 4077 709 4124 re.
724 4057 822 4125 Ieom
838 4059 876 4125 X.
899 4059 1126 4144 praedecessore
1141 4062 1173 4127 et
1187 4061 1323 4144 patruele
1339 4062 1442 4127 nostro

192 4169 346 4238 similibus
368 4171 481 4240 titteris
503 4173 637 4239 obtentis
661 4173 794 4240 multum
815 4175 889 4242 illae
912 4175 972 4242 sibi
986 4177 1066 4260 apud
1089 4177 1217 4243 eundem
1240 4156 1347 4243 ducem
1369 4196 1440 4262 pro-

191 4285 329 4354 fuissent
374 4283 440 4367 Qno
463 4285 553 4352 hnim
582 4288 716 4354 hominis
745 4290 872 4356 consitio
899 4291 1062 4372 intellecto,
1093 4311 1163 4358 oum
1195 4292 1363 4376 inspirante
1386 4309 1441 4356 nos

191 4399 323 4472 nonno
344 4401 460 4487 aliquid
482 4401 615 4486 emplius
638 4421 730 4488 qnam
751 4423 822 4472 eum
837 4407 1048 4474 commendere
1069 4408 1330 4492 cogitavissemns
1352 4404 1438 4471 dedi-
