3366 5084
762 339 988 405 ..26-

245 531 358 611 offerri,
388 532 449 618 qni'
463 531 500 598 de
522 533 575 598 tuo
602 532 705 598 animo
734 532 876 598 omnibus
904 533 1019 598 nostris
1043 532 1215 599 ¹commodis
1244 535 1350 618 parati
1383 536 1502 619 'semper

245 648 338 714 nobis
367 648 444 733 ipsis
473 648 641 731 plurimum
670 649 801 732 polliciti
831 669 954 716 sumus:
984 649 1165 734 praesertim
1194 649 1314 716 cumis
1343 650 1501 735 aliquanto

248 765 319 848 plus
341 765 438 849 prosit
466 764 611 831 ecclesiae
632 781 706 829 suae
734 766 845 831 absens
868 783 960 849 quam
990 765 1074 830 siin
1094 783 1130 831 ea
1160 765 1307 832 resideret
1334 765 1499 849 prodesset

248 879 342 946 Nosti
367 881 535 946 animant
561 881 652 964 plane
674 899 764 946 nosse
789 882 875 965 potes
898 881 1010 965 quibus
1038 881 1179 946 oneribus
1209 883 1241 948 st
1258 881 1499 948 nifficultorinus

246 995 400 1080 implicita
423 997 466 1062 sit
487 997 693 1062 salamantina
721 996 857 1076 scmus,
886 1015 963 1080 quae
992 996 1136 1080 explicari
1164 998 1241 1063 alibi
1272 1016 1365 1082 quam
1386 998 1420 1063 in
1442 998 1500 1063 hac

248 1113 332 1177 curia
353 1131 415 1179 non
436 1115 580 1196 possunt:
602 1131 639 1178 ac
660 1113 775 1196 optime
797 1113 920 1198 quidem
934 1113 1066 1196 ipsomet
1088 1114 1212 1179 curante
1227 1115 1258 1180 et
1271 1114 1429 1180 laborante
1448 1112 1501 1198 qni

244 1228 418 1294 fidissimus
440 1230 472 1294 et
494 1229 628 1313 optimus
651 1229 699 1295 est
720 1230 896 1312 procurater
917 1228 1060 1294 ecclesiae
1083 1215 1325 1313 snceepiscopo,
1347 1231 1500 1296 ettamen

247 1345 330 1410 hunc
359 1363 465 1410 casum
493 1345 613 1429 proprie
635 1345 669 1410 in
698 1345 793 1412 secus
821 1344 989 1411 canonibus
1011 1351 1187 1429 expressum
1209 1345 1359 1425 novimus,
1382 1346 1417 1410 ut
1445 1364 1499 1428 per

247 1461 319 1526 illos
347 1461 463 1526 veteres
493 1479 563 1526 vere
592 1463 713 1527 sanctos
742 1460 900 1545 pontifices
922 1459 1034 1526 melius
1063 1461 1174 1526 mereri
1203 1461 1240 1526 de
1270 1461 1334 1526 suis
1363 1459 1499 1526 ecclesiis

247 1576 381 1660 episcopi
402 1575 574 1642 iudicentur
595 1577 649 1660 qui
670 1577 770 1642 abeis
792 1577 912 1655 absunt,
936 1595 1005 1641 cunr
1020 1576 1068 1642 est
1082 1595 1188 1642 corum
1209 1577 1348 1642 absentie
1363 1574 1500 1642 ecclesiis

245 1693 400 1758 salutarie.
446 1691 560 1758 Verum
584 1693 642 1757 hae
670 1693 804 1758 rationes
827 1693 858 1758 et
879 1692 907 1757 si
935 1691 1034 1757 iustae
1064 1692 1095 1757 et
1117 1709 1205 1758 verae
1227 1693 1258 1757 et
1280 1710 1388 1776 graves
1419 1691 1499 1770 sunt,

246 1808 427 1890 praesertim
457 1807 539 1873 inter
570 1809 730 1874 benevolos
762 1809 853 1892 atque
885 1807 1075 1886 coniunctce,
1105 1809 1210 1874 tamen
1239 1807 1353 1874 habent
1382 1805 1500 1891 aliquid

246 1922 359 2006 privati
382 1923 524 1988 affectus:
547 1923 603 1988 illa
624 1942 686 1988 una
702 1925 841 1990 coelestis
856 1924 948 2007 atque
964 1922 1077 2002 divina,
1099 1924 1150 1989 cni
1171 1923 1326 1989 unemine
1349 1922 1498 1988 catholico

246 2038 382 2122 principe
404 2057 534 2122 aequum
557 2040 605 2108 cet
619 2039 744 2105 obsisti:
766 2059 832 2118 noe,
853 2041 889 2105 nt
902 2039 1039 2123 primum
1060 2039 1099 2106 ad
1113 2039 1325 2123 pontificatum
1347 2037 1500 2121 assumpti

246 2153 361 2218 inimus
384 2155 582 2237 agnoscentes
604 2156 794 2221 volmtutem
816 2155 876 2220 Dei
897 2156 977 2220 circa
998 2173 1063 2234 nos,
1084 2157 1117 2220 et
1139 2173 1227 2220 verae
1249 2153 1407 2238 religionis
1430 2154 1497 2220 cul-

244 2268 314 2333 tnm
344 2269 542 2335 abusionibus
575 2289 667 2354 prope
703 2269 833 2336 infinitis
864 2271 977 2355 ubique
1012 2270 1165 2353 pollutum
1194 2272 1225 2336 et
1256 2269 1498 2338 contaminatum

245 2385 476 2467 aegreferentes,
500 2385 665 2451 statuimus
688 2385 754 2469 ipso
777 2386 842 2452 Deo
864 2386 1019 2470 aspirante
1041 2387 1072 2452 st
1100 2386 1176 2451 talia
1198 2385 1231 2451 in
1253 2385 1341 2452 nobis
1371 2385 1499 2452 consilia

176 2485 181 2494 ’
245 2499 403 2578 excitante,
427 2499 467 2565 ad
488 2519 558 2565 enm
572 2501 806 2568 instaurandum
829 2521 865 2567 ac
887 2500 1109 2567 restituendum
1132 2501 1235 2568 omnia
1248 2503 1354 2567 nostra
1376 2503 1408 2566 et
1429 2502 1498 2567 acta

244 2616 276 2680 et
305 2615 407 2681 studia
429 2615 576 2692 conferta
608 2617 711 2701 itaque
740 2637 868 2702 quorum
896 2617 1057 2700 prudentia
1079 2635 1115 2682 ac
1138 2616 1264 2683 consilio
1293 2617 1327 2682 in
1348 2635 1380 2682 re
1409 2617 1498 2682 tenta

243 2729 409 2796 niteremur
431 2733 463 2796 et
484 2751 607 2814 operam
629 2733 719 2816 atque
741 2733 950 2817 integritatem
974 2732 1195 2812 adhiberemus,
1222 2734 1414 2800 evocavimus
1435 2753 1495 2798 un-

244 2844 335 2928 dique
356 2847 506 2912 exomni
527 2847 589 2913 fere
617 2848 740 2914 natione
771 2848 887 2932 aliquot
915 2848 1067 2932 praelatos
1096 2849 1127 2916 et
1156 2847 1321 2932 episcopos,
1349 2849 1440 2931 atque
1462 2847 1496 2914 in

244 2961 293 3027 his
317 2963 479 3028 nonnullos
495 2982 530 3027 ex
545 2962 720 3046 Hispaniis:
743 2982 819 3047 qnae
842 2965 891 3029 est
904 2963 1038 3028 evocatio
1053 2963 1176 3029 nesrac
1189 2963 1351 3047 potestatis
1365 2963 1496 3048 propria,

244 3077 280 3143 ut
302 3076 385 3142 enim
408 3078 673 3144 sanctissimorum
696 3079 852 3144 doctorum
876 3078 1033 3159 Bernardi,
1065 3076 1275 3158 Chrisostcmi,
1298 3075 1438 3162 Gregorii
1461 3097 1497 3144 cc

246 3193 432 3259 coeterorum
455 3193 616 3260 sententiis
639 3196 770 3274 utemur,
794 3194 826 3260 et
847 3194 942 3277 capiti
964 3194 1110 3272 membra,
1133 3195 1164 3258 et
1187 3194 1246 3259 soli
1261 3195 1367 3260 stellas
1389 3213 1495 3260 onmes

243 3409 360 3466 debemus.
381 3409 409 3457 ad
429 3411 507 3458 emula
525 3411 607 3458 nostra
625 3411 745 3458 commoda
762 3411 896 3470 promptum
914 3421 941 3457 ac
959 3411 1080 3470 peratum:
1100 3408 1145 3458 Sed
1164 3409 1222 3458 haec
1239 3411 1301 3458 ratic
1319 3412 1345 3458 et
1362 3423 1433 3458 cauea
1450 3410 1496 3460 atei

243 3507 306 3567 apud
324 3506 479 3555 Serenitctem
505 3511 570 3555 tuam
596 3521 639 3568 pro
658 3511 739 3556 costra
764 3509 927 3556 coniunctione
952 3509 1022 3556 delet
1043 3521 1095 3556 aare
1113 3509 1198 3567 rmus,
1218 3507 1321 3557 humana
1345 3510 1425 3557 tamen
1449 3511 1496 3557 cst.

245 3604 321 3660 luitur
339 3605 458 3652 veniamus
475 3606 506 3652 ad
524 3619 552 3653 aa
570 3605 765 3665 conueniunt,
784 3619 838 3654 uam
855 3607 881 3654 et
898 3607 949 3654 ista
965 3607 1069 3664 potiora,
1087 3609 1113 3654 et
1131 3619 1173 3653 noc
1186 3607 1275 3668 uostris
1287 3607 1387 3666 propriia
1405 3607 1496 3654 allecti·

241 3703 285 3750 bna
303 3701 362 3750 nihil
380 3703 474 3750 concaui
485 3703 599 3762 prtinus,
618 3703 660 3752 Dei
679 3707 757 3751 auiam
769 3716 862 3752 canaam
881 3703 1006 3760 affitibus
1017 3717 1065 3751 uon
1083 3703 1211 3752 iudicamus
1222 3717 1238 3750 a
1249 3716 1365 3762 quoquam
1378 3702 1498 3763 catholico

241 3800 345 3860 principe
362 3801 448 3848 obsisti
465 3803 585 3860 oportere:
623 3801 670 3849 Nec
688 3814 742 3850 vero
760 3803 850 3857 arimin
875 3801 985 3850 ecclesiae
1010 3799 1186 3849 Salamantiuac
1204 3814 1306 3861 mnsam,
1331 3814 1391 3860 quaa
1409 3802 1495 3860 quibua

242 3899 395 3946 onenluact
419 3898 600 3946 dlillcultatibua
625 3899 741 3959 implicita
766 3899 806 3958 alt,
832 3901 875 3946 aut
891 3899 939 3947 iam
963 3899 1026 3946 uerti
1045 3899 1088 3946 aut
1109 3875 1186 3958 plane
1203 3911 1272 3946 nome
1290 3901 1370 3959 potes:
1397 3911 1495 3958 qumana

241 3996 334 4053 quidem
358 3995 525 4044 difficultatum
550 3997 675 4044 remedium
695 4009 723 4044 ac
740 3997 865 4057 explicatio
890 3997 915 4043 in
938 3995 983 4043 hcc
1001 3997 1066 4043 curia
1090 3997 1225 4054 quaerenda
1242 3999 1287 4056 eat,
1312 3998 1375 4044 sicut
1399 3997 1495 4056 quaen

241 4095 362 4152 quaeritur
388 4095 489 4154 ipsomet
513 4097 610 4142 curante
635 4093 806 4150 allaborante,
832 4094 872 4150 qul
899 4093 1026 4140 fidissimus
1050 4096 1076 4140 ct
1093 4093 1197 4152 cptinna
1221 4095 1260 4142 eat
1276 4096 1414 4154 procurator
1438 4107 1495 4143 auae

240 4191 350 4240 ecclcsiae
368 4191 487 4251 episcopo:
507 4191 578 4250 Quem
596 4205 674 4239 cunm
693 4192 786 4252 proprie
804 4193 830 4238 iu
847 4191 920 4238 sacris
938 4191 1066 4238 canonibus
1079 4192 1185 4238 norimus
1203 4204 1351 4252 expressum:
1370 4192 1494 4250 inquibus

242 4301 284 4347 per
302 4289 355 4336 illca
374 4291 464 4338 raterea
482 4302 535 4337 rere
552 4292 648 4338 sanctos
665 4289 788 4349 pontificae
805 4289 830 4335 in
842 4287 951 4334 llcclesiia
969 4294 1104 4346 praesentas
1121 4289 1224 4349 episcopi
1243 4290 1375 4349 censentur,
1395 4302 1494 4348 quornm

240 4388 279 4434 eat
295 4386 404 4434 absentia
426 4387 475 4434 aule
500 4387 604 4436 ecelesiis
620 4388 739 4435 mutans.
781 4387 864 4434 Verum
889 4384 947 4434 haec
964 4387 1114 4446 particularia
1131 4388 1169 4435 eat
1187 4387 1295 4436 occisum
1322 4388 1351 4437 de
1368 4387 1496 4436 universali

239 4483 277 4532 cui
296 4495 339 4530 nce
356 4496 493 4543 praeanmua
510 4485 658 4543 loquanw
