3366 5084
743 309 963 373 „42-

225 517 317 581 quam
341 498 379 564 ad
408 517 521 584 magna
550 502 641 565 natus
671 503 702 565 et
724 503 814 584 aptus
844 503 892 567 111
921 501 1052 585 negotia,
1081 501 1159 566 ratio
1182 501 1215 564 in
1237 501 1291 566 illo
1321 501 1476 576 habeatur,

226 615 434 698 tantisperque
449 616 478 680 ei
493 617 599 680 abesse
615 617 653 682 ab
670 618 796 682 ecclesia
813 637 867 682 sua
883 618 981 694 liceat,
997 617 1071 681 dum
1086 617 1119 681 in
1136 615 1320 682 salutaribus
1336 615 1476 698 operibus

225 732 272 795 est
301 734 470 814 occupatus.
517 729 583 810 Qua
612 732 645 796 in
669 751 699 796 re
723 751 778 797 nos
807 752 868 797 non
899 734 998 798 solum
1027 733 1220 814 prudentiam
1249 732 1391 800 vestram,
1422 730 1475 796 sed

162 910 169 922 ,
224 847 447 912 humanitatem
471 847 563 912 etiam
588 849 830 931 aequitatemque
857 848 1054 932 requirimus;
1085 848 1250 913 nonenim
1274 847 1474 912 voluissemus

224 981 277 1026 ros
300 961 444 1026 adversus
467 963 658 1028 concordiam
681 963 741 1028 alio
763 965 899 1046 tempore
922 983 993 1028 oum
1015 983 1049 1028 eo
1073 964 1183 1028 initam
1206 963 1323 1027 fructus
1346 962 1394 1026 illi
1418 962 1472 1026 de-

224 1077 304 1142 bitos
327 1078 366 1143 ad
388 1097 497 1143 manus
521 1082 638 1144 vestras
661 1079 829 1162 redegisse3
860 1098 921 1144 non
950 1078 1033 1144 enim
1055 1079 1149 1144 habet
1171 1078 1321 1144 eiusmodi
1342 1077 1474 1142 redactio

224 1193 321 1257 solam
344 1195 401 1258 nell
423 1195 481 1258 Dei
504 1197 535 1258 et
557 1195 700 1259 ecclesiae
724 1195 776 1260 sed
800 1196 894 1260 otiam
910 1195 1086 1279 cupiditatis
1106 1195 1241 1278 aliquam
1264 1194 1473 1278 suspitionem,

224 1328 241 1372 a
265 1329 323 1391 qua
349 1329 400 1374 vos
423 1311 529 1375 abasse
552 1311 671 1393 quando
694 1330 712 1375 a
735 1311 861 1376 crimino
885 1312 1008 1390 abestis,
1032 1314 1067 1376 ut
1085 1310 1255 1376 sacerdotes
1277 1310 1335 1376 Dei
1358 1310 1389 1374 11
1411 1309 1473 1374 mi·

221 1425 344 1502 nistros,
367 1425 513 1490 convenit.
545 1424 630 1504 Quod
654 1425 681 1489 si
703 1428 734 1491 11
756 1445 880 1492 causam
902 1447 978 1510 quae
1000 1447 1069 1493 aum
1093 1447 1173 1492 nunc
1195 1445 1214 1490 1
1236 1425 1322 1492 vobis
1345 1425 1473 1490 distinet

222 1558 316 1623 aequo
340 1542 373 1605 11
395 1541 515 1622 placato
545 1541 647 1606 animo
670 1543 864 1625 agnoveritis,
895 1544 925 1606 et
954 1542 1072 1608 fructus
1095 1543 1143 1608 illi
1167 1561 1245 1620 suos,
1275 1542 1355 1626 quod
1378 1561 1474 1606 unum

221 1655 314 1720 habet
336 1656 398 1720 fere
422 1675 493 1720 suae
517 1656 670 1740 degendae
694 1658 774 1722 vitae
798 1658 969 1723 subsidium
992 1659 1123 1742 benigne
1140 1661 1178 1748 et
1200 1658 1332 1723 fraterne
1354 1657 1472 1721 relaxa-

221 1771 335 1847 veritis,
365 1790 426 1836 non
449 1773 548 1837 solum
579 1793 643 1836 rem
667 1775 697 1838 11
719 1773 783 1838 Deo
807 1775 837 1837 11
860 1773 967 1839 honori
991 1775 1089 1839 vestro
1113 1792 1287 1856 congruam,
1311 1772 1363 1837 sed
1386 1773 1474 1837 nobis

221 1885 322 1963 etiam,
346 1887 456 1970 quibus
472 1889 572 1952 vestra
587 1888 663 1952 fides
679 1889 709 1953 11
732 1889 839 1972 religio
855 1891 986 1954 maxims
1002 1892 1049 1953 est
1071 1888 1161 1967 cordi,
1176 1889 1329 1971 imprimis
1352 1891 1474 1972 gratam

221 2001 347 2067 facietis.
395 2003 510 2068 Datum
533 2005 649 2070 Romae
671 2005 720 2072 die
742 2003 804 2070 niii.
828 2005 1005 2071 Decembris
1029 2005 1174 2069 mdrxiiii.
1221 2004 1309 2069 Anno
1334 2004 1471 2069 secundo.

820 2297 871 2360 31.

683 2460 820 2518 lllunclo
844 2459 1010 2518 venetiis.

306 2621 498 2687 Venerabilis
528 2622 628 2686 frater.
681 2621 722 2686 nt
751 2621 894 2704 antiquae
923 2621 1094 2686 nobilitatis
1124 2640 1159 2685 ao
1189 2621 1339 2685 claritatis
1370 2620 1471 2703 gratia

219 2758 310 2821 quum
333 2740 441 2814 domus
465 2738 503 2803 do
526 2738 668 2803 Farnesio
690 2739 834 2822 perpetuo
864 2737 996 2821 quodam
1020 2736 1178 2820 splendore
1201 2735 1323 2820 egregie
1346 2755 1469 2800 conser-

218 2855 310 2932 vavit
333 2857 364 2919 et
393 2856 464 2938 quia
486 2853 669 2918 uenerabilis
698 2852 802 2918 fratris
833 2853 929 2917 nostri
959 2853 1123 2918 Alexandri
1153 2851 1285 2935 episcopi
1317 2851 1470 2916 Ostiensis

218 2969 381 3035 cardinalis
405 2971 441 3035 de
464 2970 608 3035 Famasio
632 2969 840 3053 singularibus
856 2969 974 3034 meritis
998 2987 1033 3033 ac
1055 2967 1182 3033 eximiae
1205 2968 1339 3033 inomni
1361 2985 1469 3050 genere

218 3085 343 3150 laudum
359 3086 467 3150 virtuti
481 3085 566 3150 omni
582 3085 682 3150 studio
697 3085 844 3161 favemus,
860 3086 1006 3150 honoram
1021 3086 1052 3149 11
1067 3083 1225 3150 commoda
1241 3083 1325 3148 illius
1335 3083 1470 3147 familiae

218 3201 366 3266 habemus
397 3201 478 3266 cordi
501 3220 562 3266 non
591 3219 677 3264 secus
701 3219 735 3264 ac
765 3202 883 3265 nostra:
914 3219 1010 3283 neque
1041 3200 1140 3265 solum
1163 3199 1274 3264 indicio
1298 3199 1349 3262 sed
1373 3198 1467 3263 etiam

217 3335 319 3381 amore
343 3319 377 3381 ut
399 3317 443 3381 itu
473 3335 601 3400 agamus
632 3334 737 3380 sumus
767 3316 892 3380 inducti.
924 3313 1001 3380 Cum
1030 3335 1102 3398 ergo
1124 3315 1216 3380 multi
1239 3335 1273 3380 ax
1303 3333 1413 3397 genere
1435 3315 1467 3377 et

216 3432 383 3496 maioribus
413 3433 535 3497 illorum
560 3433 593 3497 in
623 3431 784 3515 stipendiis
813 3432 993 3497 dilectomm
1023 3431 1155 3495 filiorum
1187 3432 1361 3495 venetorum
1391 3428 1468 3492 alies

218 3547 338 3624 1111111,
361 3567 489 3631 quorum
512 3567 617 3630 operae
640 3547 728 3613 fortis
751 3567 786 3612 ac
807 3547 907 3612 fidelis
930 3567 991 3612 non
1013 3547 1112 3630 possit
1133 3547 1217 3612 istud
1240 3547 1390 3630 inclytum
1412 3544 1467 3608 do-

219 3663 349 3728 minium
365 3665 509 3746 penitere,
525 3683 558 3727 ac
575 3663 728 3746 imprimis
744 3663 839 3727 bonae
856 3682 912 3728 me.
931 3662 1084 3727 Ranutius
1099 3661 1136 3726 de
1151 3662 1295 3726 Famesio
1318 3679 1371 3744 pro
1388 3661 1471 3724 statu

217 3780 247 3842 11
269 3778 395 3860 imperio
419 3777 593 3843 eorumdem
618 3778 783 3842 fortissime
806 3776 969 3842 dimicatus
991 3777 1024 3841 in
1040 3777 1201 3842 Parmensi
1224 3796 1297 3861 agro
1321 3775 1465 3840 adversus

219 3892 325 3958 Gallos
348 3891 567 3976 occubuerit1):
591 3913 720 3976 aequuum
736 3895 783 3957 est
805 3897 835 3958 et
850 3896 966 3957 rectum
982 3895 1017 3957 ut
1040 3893 1078 3956 ab
1094 3893 1138 3957 eis
1162 3893 1239 3957 ratio
1261 3892 1346 3957 illius
1363 3893 1431 3974 post
1451 3925 1465 3938 ·

218 4008 319 4072 ritatis
343 4009 498 4084 habeatur,
521 4008 566 4072 111
588 4011 623 4072 11
646 4009 676 4073 11
699 4010 796 4091 ipsius
827 4008 955 4073 dominii
978 4012 1114 4072 serretur
1138 4009 1325 4085 institutum,
1349 4025 1406 4089 quo
1430 4004 1469 4068 ud

218 4123 341 4188 illorum
372 4125 498 4200 liberos,
523 4125 574 4206 qui
598 4124 693 4188 uitam
716 4124 750 4188 in
772 4123 1011 4207 propugnatione
1035 4123 1145 4190 Veneti
1168 4127 1267 4187 status
1295 4123 1468 4204 posuemnt

313 4357 329 4401 ¹2
350 4359 414 4406 duno
435 4359 502 4404 1495
525 4359 640 4404 lbururius
659 4359 782 4406 Farnoslus
800 4363 882 4404 contra
901 4357 986 4413 Gallos,
1005 4371 1046 4416 pro
1062 4359 1154 4404 Venetis
1172 4359 1200 4404 ud
1220 4358 1300 4434 'laurum
1322 4359 1467 4415 personuerat

217 4458 262 4506 dux
282 4461 442 4508 sexcentorum
461 4457 565 4517 equitum
584 4457 669 4516 iblqno,
688 4457 733 4504 laur
753 4461 822 4518 parta
844 4456 949 4516 notoria,
968 4455 1096 4506 fortissimo
1114 4457 1260 4505 occubuerat
