3380 5088
727 355 876 422 -277
923 389 967 404 -

221 554 283 622 imo
306 573 365 640 quo
387 556 419 622 et
440 552 538 620 maior
560 553 641 622 esset
663 553 801 632 facultas,
824 569 858 618 eo
885 551 994 620 maiori
1016 552 1121 619 ardore
1143 570 1204 618 non
1226 551 1397 620 concnam
1420 571 1471 618 oo·

221 672 366 740 munibus
388 673 495 748 rebus;
525 671 661 736 attamen
684 672 846 754 postquam
876 668 908 735 id
931 668 1101 753 expressius
1130 669 1328 754 cognovimus
1351 668 1472 748 litteris,

220 808 296 873 quas
320 790 541 873 avicegerente
564 789 668 853 nostro
683 785 885 870 Neapolitano
900 785 1080 870 accepimus,
1104 785 1213 871 quibus
1232 785 1352 852 abunde
1374 785 1474 852 edocti

221 925 335 984 sumus,
358 906 471 990 quanto
486 877 569 970 illico
585 906 616 970 et
630 903 805 987 promiserit
827 904 858 968 et
881 902 986 970 iacent
1001 902 1149 969 sanctatis
1165 904 1273 980 vestra,
1297 903 1332 967 nt
1346 901 1471 968 tandem

219 1022 290 1089 illae
320 1022 455 1088 bostium
484 1021 628 1106 reliquiae
661 1019 699 1085 ab
729 1019 842 1086 iniuria
870 1019 980 1084 ltaliae
1010 1018 1212 1102 repellantur,
1242 1020 1387 1102 tantamne
1416 1017 1472 1084 de-

219 1158 304 1205 mum
332 1139 456 1206 illorum
487 1137 612 1204 audacia
636 1137 869 1220 comprimatur3
901 1135 998 1200 facero
1027 1153 1088 1201 nen
1111 1135 1267 1218 potuimus
1291 1135 1366 1219 quin
1390 1134 1470 1218 apud

217 1240 317 1340 ipsam
340 1257 471 1321 vestram
496 1253 691 1320 sanctitatem
713 1253 861 1318 testatum
883 1251 1122 1335 relinqueremus
1140 1251 1292 1335 accepisse
1306 1269 1363 1317 nos
1385 1271 1420 1316 en
1435 1270 1470 1318 eo

219 1372 405 1457 singularem
428 1373 459 1437 et
482 1389 635 1437 summam
658 1370 860 1454 voluptutem
884 1369 970 1453 eique
985 1367 1142 1452 plurimas,
1166 1369 1257 1451 atque
1278 1367 1468 1434 immortales

217 1489 334 1573 gratias
357 1507 531 1573 ageremus3
549 1506 739 1572 agemusque
761 1486 894 1570 profecto
917 1484 1016 1569 quoad
1038 1485 1185 1550 uiuamus.
1231 1483 1315 1550 Nam
1337 1486 1368 1551 et
1390 1483 1468 1550 illnd

217 1605 304 1672 nobis
327 1605 454 1671 minime
476 1604 617 1690 ignotum
635 1604 691 1683 est,
713 1603 808 1668 nullis
831 1601 1054 1668 conditionibus
1077 1600 1209 1666 definisse
1224 1600 1337 1680 hostes,
1359 1602 1395 1665 nt
1416 1601 1468 1666 in-

216 1722 325 1788 stituto
353 1722 461 1788 itinere
483 1722 618 1787 vestram
648 1719 844 1785 sanctitatem
872 1717 1078 1796 deturbarent
1108 1717 1160 1782 sed
1189 1717 1345 1801 praestitit
1365 1718 1468 1783 vestm

217 1837 363 1904 sanctitas
393 1839 426 1903 in
455 1836 596 1903 omnibus
626 1855 702 1920 quae
733 1835 822 1900 illam
851 1833 1012 1909 decebant;
1042 1833 1127 1899 cuius
1150 1833 1346 1916 potissimum
1368 1851 1467 1916 opera,

215 1953 377 2038 divinoque
399 1953 525 2019 consilio
548 1954 636 2036 parta
659 1952 740 2016 esset
755 1951 863 2016 ltaliae
886 1950 1022 2028 libertus,
1045 1968 1080 2014 ac
1103 1949 1291 2034 propositum
1314 1949 1398 2014 velut
1414 1967 1465 2014 sn-

215 2068 313 2135 lutare
336 2069 459 2153 signum
482 2069 517 2132 ut
540 2066 692 2151 quondam
715 2066 831 2151 optime
853 2066 911 2132 toti
926 2065 1092 2131 christiano
1122 2065 1240 2131 nomini
1262 2063 1296 2130 in
1310 2065 1467 2148 posterum

215 2184 252 2251 de
269 2204 301 2250 se
317 2203 436 2268 sperare
450 2183 562 2250 liceret.
587 2183 635 2248 lta
658 2183 752 2248 etiam
775 2201 895 2248 summo
916 2181 1016 2247 studio
1033 2181 1229 2248 sanctitatem
1252 2181 1386 2247 vestram
1409 2180 1465 2245 ob·

215 2318 377 2379 scaminus,
400 2301 435 2365 ut
457 2298 577 2382 quando
593 2298 676 2365 videt
698 2299 755 2364 hoc
777 2300 933 2382 tantopere
955 2297 1094 2382 expedire
1113 2298 1235 2364 comuni
1257 2297 1350 2363 saluti
1375 2296 1466 2380 atque

213 2414 327 2494 locon,
357 2415 435 2480 nibil
458 2415 494 2480 de
518 2433 572 2481 suo
595 2415 713 2494 animo,
743 2413 780 2480 de
805 2433 858 2479 auo
880 2415 941 2480 isto
963 2414 1068 2498 vigore
1091 2414 1243 2493 remittat,
1273 2411 1372 2497 quoad
1399 2413 1466 2478 tam

214 2532 327 2607 sancto,
357 2531 422 2596 tarn
450 2531 499 2614 pio
529 2531 611 2614 operi
640 2532 775 2596 extrema
804 2549 914 2596 manus
944 2531 1126 2614 imponatur,
1172 2528 1320 2614 Equidem
1350 2529 1382 2594 et
1410 2546 1467 2594 nos

214 2665 332 2730 semper
354 2646 536 2725 adnitemur,
566 2647 601 2711 ut
623 2645 779 2728 intelligat
802 2646 903 2711 vestra
927 2645 1074 2711 sanctitas
1096 2645 1176 2711 nihil
1205 2664 1299 2729 aeque
1320 2643 1409 2710 nobis
1431 2643 1466 2710 in

212 2760 296 2828 omni
319 2759 382 2826 vita
404 2761 593 2845 propositum
617 2781 711 2845 quam
734 2762 769 2825 ut
784 2759 920 2844 qnotidie
942 2761 1044 2845 magis
1067 2760 1104 2827 de
1128 2761 1291 2828 sanctitate
1314 2761 1416 2826 vestre
1434 2761 1466 2826 et

212 2877 249 2943 do
272 2877 332 2943 iata
348 2875 459 2943 Sancta
475 2877 642 2962 apostolica
665 2875 741 2942 Sede
764 2895 800 2941 ao
821 2877 889 2960 ipsa
912 2877 1080 2943 christiana
1102 2877 1256 2961 republica
1279 2894 1355 2962 quae
1376 2875 1465 2942 nobis

211 2993 278 3076 ipsa
301 2996 348 3060 est
371 2993 435 3058 vita
457 2992 561 3071 carior,
594 3012 772 3060 mereamur.
819 2990 927 3076 Sisque
950 2993 1030 3058 certe
1060 2992 1139 3058 nihil
1161 2992 1266 3070 doerit,
1295 2992 1330 3057 ut
1352 2992 1386 3056 in
1407 2990 1470 3062 boo.

211 3109 306 3176 etiam
328 3107 463 3176 inferiori
486 3110 662 3174 sacrosanta
677 3108 735 3174 Dei
758 3109 884 3174 emlesia
907 3111 993 3193 pater
1016 3110 1047 3174 ot
1069 3108 1160 3188 filius,
1184 3127 1323 3174 summus
1346 3107 1402 3174 hoc
1417 3109 1468 3173 est

211 3225 352 3310 pontifex,
375 3227 407 3291 et
420 3225 594 3309 imperator,
617 3244 712 3291 unum
737 3225 808 3303 sint,
833 3227 996 3310 tantaeque
1018 3225 1147 3291 unitatis
1170 3225 1275 3290 tantm
1289 3221 1464 3290 concordias

211 3340 348 3407 beneficii
371 3342 517 3425 tanquam
534 3339 723 3406 faustissime
740 3340 940 3406 luminarium
963 3343 1087 3425 aspectu
1102 3339 1262 3406 universus
1277 3338 1466 3405 christianus

210 3457 291 3523 orbis
314 3476 427 3523 novum
450 3455 612 3540 quamdam
635 3456 730 3522 etiam
754 3455 925 3540 splendoris
941 3458 1031 3540 atque
1055 3456 1164 3522 salutis
1181 3455 1298 3521 statum
1317 3455 1464 3540 agnoscat

210 3593 305 3658 noque
320 3571 477 3638 meliorem
499 3571 616 3656 aliquot
630 3571 742 3636 abhinc
767 3571 891 3638 saecula
906 3572 1050 3637 mortales
1066 3571 1178 3655 asperti
1200 3570 1322 3637 fuerint.
1360 3569 1461 3636 Debe-

211 3689 319 3754 bamus
341 3707 403 3754 non
425 3705 518 3771 parva
533 3688 651 3752 vestrae
675 3685 833 3752 sanctitati
855 3687 894 3753 ob
912 3685 1066 3770 superiora
1089 3706 1144 3752 sua
1166 3689 1232 3752 tarn
1253 3704 1368 3772 magna
1389 3704 1463 3770 erga

211 3823 265 3869 nos
280 3803 380 3869 officia
394 3804 485 3886 atque
500 3802 616 3878 studia;
639 3822 718 3868 nunc
734 3821 804 3868 voro
820 3821 875 3886 pro
890 3804 978 3868 tanta
1000 3803 1114 3887 pietate
1137 3805 1227 3887 atque
1242 3821 1344 3868 amore
1363 3801 1462 3868 eidem

210 3937 265 3983 nos
287 3916 454 4001 plurimum
470 3915 576 3983 debere
600 3901 739 3985 latemur.
786 3918 887 3984 Tanta
909 3937 979 3985 vero
995 3937 1068 4004 erga
1083 3938 1138 3985 noa
1152 3919 1208 3985 illa
1230 3918 1344 4002 pietate
1359 3917 1461 3984 chari·

210 4035 281 4112 tate,
304 4033 497 4098 observantia
513 4052 618 4100 snmus
634 4033 760 4113 moenai,
784 4036 818 4099 ut
835 4033 920 4099 illius
943 4034 1099 4120 augendae
1114 4035 1233 4100 nullum
1249 4035 1339 4118 plane
1361 4033 1462 4100 locum

209 4168 275 4216 esse
296 4148 486 4216 extimemus.
532 4147 591 4215 Sed
613 4150 684 4235 quia
707 4150 855 4216 derebus
880 4149 1022 4216 omnibus
1044 4150 1182 4234 pluribus
1205 4169 1275 4216 cnm
1298 4148 1461 4215 sanctitate

209 4285 260 4332 ves
261 4268 309 4331 tra
332 4266 404 4350 aget
390 4264 470 4329 till
496 4263 554 4330 dux
580 4263 708 4331 Suessae
732 4267 832 4331 orator
855 4265 966 4345 noster,
989 4265 1038 4332 his
1063 4265 1156 4332 linem
1178 4265 1316 4346 facimus,
1338 4265 1461 4330 tantum

208 4379 483 4448 clementissimum
499 4381 589 4465 atque
603 4381 755 4465 optimum
768 4380 869 4448 Deum
887 4382 953 4447 tota
975 4383 1078 4448 mente
1092 4399 1258 4466 precamur,
1277 4378 1461 4446 incolumem

207 4495 295 4563 nobis
324 4495 363 4562 ad
393 4495 542 4580 plurimos
572 4515 668 4562 annos
700 4497 895 4563 sanctitatem
928 4498 1063 4563 vestram
1085 4499 1116 4563 et
1138 4515 1194 4563 nos
1216 4495 1265 4562 illi
1296 4499 1459 4562 conservet.
