3380 5088
671 365 914 434 —295-

169 559 473 640 dunatusssarensis,
503 580 561 646 que
590 561 655 628 sine
684 562 888 630 oontroversia
916 563 963 630 est
991 562 1172 644 iustissima,
1201 564 1344 650 dignetur
1365 586 1419 652 per

169 677 274 743 lituras
290 677 402 744 oratori
425 695 487 757 suo,
503 697 593 762 quem
616 678 697 762 apud
718 677 907 762 imperialem
924 678 1117 747 maiestatem
1140 681 1240 761 habet
1260 681 1420 768 iniungere

170 793 204 858 ut
225 812 286 859 una
308 811 378 859 oum
401 813 477 872 meo,
500 812 590 878 quem
613 793 646 860 in
668 795 725 861 hae
747 813 839 861 eausa
861 795 991 862 Barensi
1012 794 1045 862 in
1061 795 1243 880 Hispaniam
1266 797 1418 884 usquead

170 927 257 976 suam
280 910 474 976 maiestatem
497 909 578 989 misi
608 929 672 978 rem
696 912 769 995 agat
791 931 818 978 r.
843 931 865 976 s.
889 911 1011 978 nomine
1034 914 1069 979 ut
1097 912 1249 997 possessio
1277 911 1420 998 adempta

169 1026 246 1092 eitra
269 1044 391 1093 omnem
421 1025 602 1092 dilaeionem
633 1025 711 1092 mihi
733 1026 922 1094 restituatur.
967 1025 1118 1112 Quicquid
1140 1029 1243 1095 autem
1265 1029 1365 1115 gretie
1387 1031 1419 1097 et

169 1143 378 1210 benevolentis
406 1143 440 1209 in
469 1143 559 1210 rebus
590 1143 668 1209 meis
691 1143 724 1209 in
752 1143 810 1209 beo
833 1145 865 1210 et
886 1143 921 1210 in
942 1143 1013 1210 sliis
1044 1145 1144 1210 causis
1168 1164 1194 1211 r.
1219 1163 1243 1212 s.
1265 1144 1420 1230 impartiri

169 1259 347 1344 dignabitur
369 1277 425 1344 ego
448 1277 502 1343 pro
518 1259 600 1325 ririll
623 1261 709 1342 parte
731 1259 971 1345 quibuscumque
994 1260 1113 1326 meritis
1137 1263 1168 1327 et
1182 1260 1292 1328 officiis
1315 1249 1427 1345 potero

169 1375 334 1460 promereri
355 1377 387 1442 et
409 1357 519 1442 reterre
541 1375 660 1452 curabo,
683 1393 717 1442 ae
732 1394 782 1442 me
804 1376 904 1456 toturn
920 1376 985 1443 eius
1007 1377 1107 1461 gratie
1128 1379 1160 1443 11
1174 1377 1272 1444 amori
1294 1379 1420 1462 paterno

170 1490 348 1559 oommondo
370 1493 402 1558 et
424 1491 519 1570 trado,
549 1491 678 1576 optoque
701 1491 791 1559 utin
821 1493 883 1558 ista
905 1489 1018 1560 Sancta
1046 1490 1123 1560 Sede
1152 1492 1419 1578 quamdiutissime

169 1609 265 1693 presit
287 1625 391 1692 sospes
414 1608 446 1674 et
467 1606 639 1682 incolumis,
668 1626 775 1692 resque
797 1607 981 1674 christianas
1011 1607 1199 1676 felicissimis
1229 1608 1419 1676 suecessibus

169 1724 348 1790 moderetur.
393 1724 510 1790 Datum
532 1721 673 1790 trasonis
696 1723 758 1790 riii.
781 1723 830 1790 die
845 1724 987 1810 Augusti
1032 1723 1122 1790 Anno
1145 1723 1272 1792 Domini
1286 1723 1418 1808 mdxxir,

168 1838 257 1924 regni
278 1839 340 1906 mei
361 1837 574 1906 deoimootaro.

257 1954 402 2022 Eiusdem
426 1975 449 2020 s.
473 1955 572 2021 vestre
594 1955 887 2040 obsequentissimus
909 1955 992 2022 filius

622 2069 838 2156 sigismundus
860 2091 912 2139 rex
935 2071 1079 2140 Poloniae
1100 2090 1194 2138 manu
1215 2090 1264 2158 pp.
1289 2091 1329 2140 ss.

621 2187 707 2254 Bona
729 2187 835 2273 regina
858 2173 1001 2256 Polonise
1023 2206 1117 2253 manu
1139 2207 1188 2272 pp.
1212 2207 1252 2256 ss

759 2451 833 2515 224.

433 2613 597 2673 Clemens
620 2614 694 2674 v11.
716 2615 884 2675 Familiae
906 2614 953 2675 ds
975 2614 1157 2674 Malviclis.

518 2723 654 2808 (Regest.
671 2743 696 2789 u.
713 2725 737 2789 Ι.
754 2724 810 2790 vol.
827 2723 903 2790 mi
920 2723 970 2790 fol
987 2721 1076 2810 285).

651 2839 715 2926 (26.
731 2838 811 2924 Aug.
830 2837 938 2926 1524).

256 2999 396 3066 Clemens
418 2999 576 3084 episeopus
599 3001 655 3068 eto.
692 2999 741 3066 Ad
763 3002 941 3086 perpetuam
963 2999 1007 3067 rei
1028 2999 1216 3067 memoriam.
1255 2998 1417 3067 81111111-

169 3115 253 3182 muni
274 3115 428 3200 pontificis
451 3115 602 3183 indelessa
625 3117 749 3184 solertia
770 3117 883 3184 tradite
903 3116 963 3183 sibi
985 3116 1113 3200 desuper
1134 3116 1296 3200 potestatis
1317 3117 1418 3201 pleni·

169 3232 273 3300 tudine
295 3252 376 3299 nuno
397 3251 451 3317 per
465 3232 674 3312 revocationis,
697 3252 777 3300 nuno
792 3253 861 3300 vero
884 3251 937 3318 per
959 3232 1163 3299 restitutionis
1185 3231 1320 3299 officium
1335 3233 1420 3299 iuxta

168 3367 269 3416 rerum
291 3351 323 3415 et
338 3352 518 3433 temporum,
540 3367 657 3416 noanon
673 3366 870 3433 personarum
885 3347 1050 3434 qualitates
1073 3350 1104 3415 11
1119 3348 1237 3428 marita
1252 3349 1419 3433 opportune
1536 3405 1538 3408 .

169 3465 230 3544 uli,
260 3467 371 3549 etque
401 3465 434 3532 in
464 3465 590 3531 alterius
620 3464 820 3549 preiudioium
850 3464 980 3532 tendunt
1015 3463 1181 3532 roroosudo
1207 3465 1311 3532 minus
1339 3464 1420 3532 iusta

169 3579 285 3648 uiribus
308 3581 453 3646 eraouata
481 3598 556 3664 equo
586 3581 714 3648 rationis
743 3580 908 3647 libramine
938 3579 1082 3646 restituit
1120 3578 1246 3652 Dudum
1268 3579 1419 3666 siquidem

168 3713 223 3779 pro
237 3699 324 3779 parte
338 3695 443 3762 dilooti
464 3695 522 3762 filii
537 3695 732 3763 Nasooutorii
746 3697 783 3764 de
797 3695 1007 3762 Nsseeutoriis
1021 3695 1098 3762 uiris
1113 3695 1316 3764 Bononiensis
1330 3695 1419 3762 nobis

170 3811 313 3894 exposito,
337 3811 417 3895 quod
439 3811 512 3878 11111
533 3811 599 3896 ipso
622 3813 653 3878 11
674 3811 899 3896 predecessores
923 3811 970 3877 sui
993 3813 1066 3877 tuno
1088 3829 1107 3878 a
1128 3812 1250 3893 111111]
1272 3812 1304 3878 11
1327 3811 1418 3896 quin·

169 3925 317 4010 quaginta
339 3925 428 3992 annis
443 3926 519 3992 eitra
541 3926 694 3994 fomaoem
716 3927 943 3994 condendorum
965 3927 1113 3994 vitrorum
1128 3926 1162 3992 in
1176 3927 1300 3994 eivitnto
1315 3928 1420 3994 nostra

169 4041 355 4108 Bononiensi
383 4041 562 4122 tenuissent,
591 4044 623 4108 et
644 4043 820 4110 exereitium
842 4042 919 4110 artis
941 4041 1090 4110 vitrorum
1112 4041 1288 4110 huiusmodi
1309 4041 1418 4110 lauda·

169 4157 273 4224 bilitar
302 4156 505 4225 exercuissent
535 4157 665 4238 ibidem,
697 4158 821 4244 ipseque
854 4157 1072 4225 Nasooutorius
1104 4159 1177 4223 tuno
1208 4159 1359 4224 exemeret
1386 4157 1419 4227 in

169 4272 338 4340 maximum
368 4272 463 4339 totius
492 4272 597 4358 populi
625 4273 705 4340 dioto
727 4273 863 4340 civitatis
893 4273 1088 4342 eommodum
1118 4274 1149 4340 et
1177 4272 1354 4356 utilitatem,
1383 4291 1419 4340 ae

169 4407 223 4473 pro
253 4388 363 4456 maiori
393 4387 529 4456 eiusdem
561 4387 665 4474 populi
695 4388 904 4456 setisfsotioue
935 4390 1033 4456 artem
1063 4389 1163 4474 ipsam
1191 4387 1358 4454 ferventius
1388 4389 1420 4456 et

168 4503 353 4572 laudabilius
376 4523 509 4574 exeruere
532 4503 710 4586 intenderet.
737 4505 842 4572 tamen
864 4502 960 4590 aliqui
989 4503 1152 4571 ambitioso
1175 4501 1341 4594 eupiditate
1366 4523 1417 4576 sou
