3366 5084
782 359 1007 428 ..45..

268 554 397 638 capuani
419 555 524 622 nuncii
547 556 645 620 nostri
659 556 857 640 eognovimus
879 556 981 639 ipsum
997 575 1113 638 quoque
1136 556 1365 622 serenissimum
1381 553 1522 624 Cesaram

271 670 311 736 ed
334 670 435 736 strrdia
457 671 542 754 pacis
565 671 641 737 bene
664 691 846 754 propensum
869 691 943 737 csse.
981 674 1126 736 Amorem
1149 672 1272 756 quidem
1294 676 1432 738 nestrum
1455 675 1520 740 eri-

269 786 366 851 mium
397 789 428 851 et
457 786 644 870 singularem
674 807 746 870 erga
775 788 871 870 ipsius
903 788 1097 852 serenitatem
1128 788 1172 852 sie
1201 790 1233 853 ct
1261 789 1458 871 praeferimus
1488 791 1521 855 in

268 902 411 967 omnibus
434 878 525 968 dietis
555 903 703 986 lactisque
726 902 848 980 nostris,
878 904 909 966 et
931 903 965 967 in
988 903 1089 967 animo
1112 922 1325 968 conservamus
1356 924 1521 988 sumusque

268 1019 411 1102 perpetuo
436 1018 592 1096 servaturi
615 1020 651 1083 ut
666 1019 742 1084 nihil
760 1018 919 1094 commodi
943 1021 974 1083 et
989 1018 1116 1083 fiduciae
1132 1019 1219 1084 nobis
1243 1019 1319 1103 ipsis
1335 1021 1521 1102 petierimus,

268 1133 341 1218 quin
364 1133 445 1198 idem
468 1134 516 1198 illi
537 1135 704 1218 cupiamus,
734 1152 898 1218 pacemque
921 1134 953 1198 in
975 1133 1084 1216 primis
1107 1134 1186 1199 rotis
1209 1135 1349 1200 omnibus
1373 1137 1521 1218 optemus,

267 1270 302 1316 er
325 1269 384 1334 qua
408 1249 435 1315 si
456 1249 607 1315 Dominus
630 1268 698 1316 eam
721 1249 808 1315 nobis
831 1249 1021 1327 concesserit
1044 1268 1104 1316 non
1126 1249 1302 1315 dubitamus
1325 1250 1519 1316 serenitatem

267 1365 365 1450 ipsius
394 1365 494 1430 maius
517 1365 615 1431 multo
644 1343 884 1431 emolumentum
914 1368 945 1430 et
967 1365 1115 1430 maiorem
1137 1365 1268 1449 gloriam
1292 1367 1519 1449 acquisituram.

268 1480 327 1547 Sed
350 1481 386 1546 de
408 1481 458 1546 his
481 1481 623 1547 omnibus
645 1480 738 1546 latius
761 1500 831 1546 eum
861 1480 1021 1546 nobilitate
1044 1483 1096 1544 tua
1126 1480 1255 1545 dilectus
1278 1480 1360 1545 filius
1383 1481 1516 1545 Bemar-

269 1596 358 1663 dinus
382 1595 580 1662 Castellarius
603 1598 787 1662 camerarius
810 1598 912 1661 nester
935 1598 1015 1679 aget,
1039 1596 1088 1661 cui
1109 1596 1202 1661 fidem
1224 1596 1357 1662 habebit.
1404 1597 1519 1662 Datum

269 1713 383 1778 Romae
407 1713 462 1779 ete.
486 1711 705 1778 iiii.Janua1ii
727 1712 845 1777 mdxxv.
891 1711 979 1777 Anno
1003 1711 1140 1801 secunde.

869 2000 921 2066 34.

747 2165 834 2236 Regi
857 2154 1039 2241 scottae.¹)

355 2315 519 2383 Carissime
541 2319 596 2382 etc.
640 2317 710 2383 Etsi
732 2317 936 2400 superioribus
958 2315 1065 2382 diebus
1088 2337 1141 2400 per
1163 2316 1240 2382 alias
1263 2318 1383 2384 litteras
1398 2321 1520 2385 nostras

268 2431 442 2499 celsitudini
463 2435 534 2498 tuae
556 2432 704 2516 gratulati
719 2433 807 2498 illam
830 2432 924 2497 etiam
947 2431 1081 2498 letitiam
1095 2434 1233 2499 nostram
1249 2433 1307 2499 tibi
1331 2433 1520 2518 significari·

268 2568 337 2614 mus
360 2567 451 2632 quam
475 2568 510 2613 ex
534 2566 636 2614 amors
652 2549 682 2614 et
704 2548 914 2615 coniunctione
937 2547 1017 2613 inter
1032 2549 1063 2613 te
1086 2549 1117 2612 et
1132 2548 1326 2614 carissimum
1349 2549 1381 2614 in
1397 2546 1520 2616 Christe

267 2663 367 2730 filium
389 2666 529 2729 nostrum
553 2663 718 2729 Henricum
741 2683 846 2748 regem
868 2663 1000 2747 Angliae
1029 2663 1101 2728 fidei
1124 2663 1311 2730 defensorem
1335 2665 1520 2730 avunculum

268 2781 355 2846 tuum
379 2797 625 2862 conceperamus:
649 2781 752 2844 temen
768 2781 959 2862 compostae
982 2777 1019 2844 de
1034 2778 1214 2861 quibusdam
1232 2780 1426 2844 monasteriis
1442 2799 1519 2863 quae

268 2893 302 2961 in
323 2913 417 2979 regno
440 2896 492 2960 tue
522 2897 702 2960 sanaverant
731 2895 762 2958 et
784 2895 818 2958 tu
841 2893 881 2958 ed
902 2913 958 2959 nos
982 2913 1016 2958 ae
1045 2894 1179 2977 primum
1209 2895 1241 2959 in
1264 2913 1381 2977 genere,
1411 2894 1519 2961 deinde

270 3010 364 3076 etiam
387 3007 609 3093 particularius,
633 3011 770 3076 accurate
794 3011 826 3074 et
848 3009 1011 3093 diligenter
1033 3007 1115 3073 idem
1138 3009 1286 3074 Henrieus
1316 3029 1367 3075 rer
1389 3011 1520 3094 Angliae

269 3123 449 3208 scripsisset,
480 3125 568 3208 teque
590 3125 621 3188 et
644 3125 760 3189 stetnm
790 3123 980 3190 celsitudinis
1003 3126 1073 3189 tuae
1103 3142 1209 3207 resque
1232 3126 1301 3189 tuas
1330 3144 1435 3190 omnes
1459 3125 1520 3192 sibi

269 3239 314 3306 ita
344 3238 426 3304 cordi
455 3257 521 3304 esse
552 3238 718 3304 declareret
740 3241 774 3304 ut
796 3258 851 3305 nos
882 3257 1072 3321 summepere
1100 3241 1273 3322 precaretur
1301 3241 1336 3304 ut
1358 3259 1416 3324 qno
1446 3260 1519 3325 erga

268 3354 369 3438 ipsum
393 3354 494 3420 animo
518 3355 608 3438 etque
631 3372 733 3420 amore
747 3373 892 3432 essemus,
916 3354 1020 3420 codem
1043 3373 1117 3438 erga
1139 3355 1170 3419 te
1192 3373 1258 3419 esse
1273 3354 1437 3434 vellemus,
1462 3356 1518 3421 has

268 3470 362 3536 stiam
385 3471 496 3536 alteras
513 3469 551 3535 ad
575 3469 795 3554 tedirigendas
812 3469 968 3536 duximus:
991 3470 1125 3553 primum
1147 3469 1206 3535 tibi
1228 3469 1324 3535 denno
1339 3471 1519 3536 nunciantes

267 3587 389 3670 gratnm
411 3585 500 3650 nobis
530 3585 692 3651 admodum
723 3603 790 3650 esse
812 3585 892 3651 hanc
913 3603 1058 3668 personae
1088 3587 1157 3651 tuae
1180 3584 1219 3650 ad
1241 3605 1369 3669 regnum
1400 3586 1516 3651 exalta-

239 3703 242 3708 '
267 3700 392 3779 tionem,
416 3719 594 3785 sperareque
617 3718 672 3766 nos
695 3703 725 3765 ct
747 3700 896 3766 confidere
919 3719 1011 3784 quam
1034 3700 1105 3766 huic
1121 3701 1242 3766 sanctae
1265 3701 1330 3765 sedi
1352 3702 1517 3767 observan-

267 3816 345 3882 tiam
373 3818 459 3899 pater
481 3835 555 3882 avus
578 3817 609 3880 ct
638 3815 768 3880 maiores
791 3817 838 3882 tui
860 3817 1066 3900 prestiterim,
1096 3816 1222 3881 eandem
1245 3817 1276 3882 te
1304 3815 1518 3900 prestiturum:

268 3930 376 3998 deinde
399 3931 503 3996 offerre
525 3949 580 3996 nes
603 3929 663 3994 tibi
684 3932 715 3995 et
737 3930 861 4012 polieeri
883 3950 952 3996 eum
971 3933 1131 4014 patemem
1156 3930 1292 3996 studium
1307 3931 1405 3996 animi
1427 3935 1519 4016 atque

268 4045 410 4112 allectum
432 4045 534 4111 adres
557 4047 626 4110 tuas
641 4045 785 4110 fovendas
808 4045 1014 4130 iurandasque
1029 4066 1118 4130 quem
1141 4046 1273 4129 pastoris
1295 4047 1369 4111 boni
1383 4047 1518 4112 officium

365 4307 381 4366 Ι)
401 4307 502 4354 lacobus
521 4307 538 4352 l'
559 4307 648 4356 invenis
667 4307 749 4366 adhuc,
768 4307 808 4365 qui
827 4320 888 4354 enne
910 4307 974 4356 1518
995 4307 1084 4355 dnobus
1108 4307 1176 4355 enula
1194 4311 1265 4355 natus
1289 4310 1433 4355 successerat
1457 4309 1519 4368 patri

266 4405 353 4454 «tacebo
371 4405 416 4460 lt';
443 4405 488 4451 heo
513 4407 617 4474 tempere
642 4406 744 4453 nendum
770 4405 799 4452 ed
824 4405 1016 4462 gubernationem
1035 4407 1148 4465 maturus,
1173 4406 1226 4452 erat
1249 4405 1293 4452 sub
1318 4407 1394 4454 tutela
1420 4405 1519 4454 Jomnis

267 4503 380 4556 Albaniae
397 4503 470 4552 deols.
