3396 5090
785 247 1028 313 -168-

872 469 943 536 125.

756 637 841 708 Regi
866 637 1051 709 ungariae.

367 789 532 856 Carissimo
554 791 609 856 etc.
656 789 771 875 Magna
793 791 912 857 laetitia
935 810 990 858 nos
1013 792 1177 858 affecerunt
1200 791 1269 856 tuae
1293 795 1384 858 ser.tis
1406 790 1529 856 litterae

278 926 370 972 manu
400 906 521 990 propria
552 906 697 990 scriptaa;
729 907 943 992 significarunt
972 909 1054 974 eninr
1077 909 1165 974 nobis
1189 909 1220 974 et
1249 906 1528 974 commendationes

278 1023 398 1088 nostrae
413 1042 467 1107 pro
482 1022 604 1123 homine
619 1022 766 1105 prudente
791 1024 821 1090 et·
843 1025 936 1108 probo
951 1025 1147 1110 interpositas
1163 1023 1270 1109 magni
1284 1021 1433 1090 momenti
1448 1022 1530 1106 apud

278 1141 308 1206 ta
331 1140 435 1219 fuisse,
458 1141 489 1206 et
512 1160 597 1224 spem
619 1140 755 1207 innobis
771 1141 940 1207 excitarunt
962 1141 1133 1226 teoptimis
1156 1141 1282 1226 posthac
1304 1139 1529 1207 consultoribus

278 1257 415 1322 utentem
440 1274 516 1341 quae
539 1276 558 1321 a
580 1276 693 1342 magno
707 1277 779 1342 rege
801 1257 986 1342 expectanda
1010 1259 1082 1324 sunt
1104 1259 1135 1324 et
1149 1275 1242 1341 regno
1265 1256 1444 1341 populisque
1467 1254 1529 1322 tuis

277 1374 309 1439 et
323 1373 381 1440 toti
404 1373 587 1439 christianae
603 1373 785 1458 reipublicae
808 1375 1016 1458 prestiturum.
1061 1373 1229 1441 Nonarum
1252 1374 1428 1458 ignoramus
1451 1389 1528 1455 quae

277 1490 320 1554 sit
340 1489 459 1556 indoles
474 1489 598 1555 virtutis
620 1491 691 1556 tuae
713 1493 744 1556 ct
767 1492 914 1574 quantum
938 1490 975 1556 de
997 1492 1051 1557 trra
1065 1490 1216 1575 probitate
1238 1489 1360 1574 ingenio
1383 1488 1528 1555 humani-

276 1608 340 1672 tate
363 1605 546 1690 sperandum
570 1606 619 1696 sit.
666 1605 725 1672 Sed
747 1606 827 1692 quod
849 1609 897 1672 est
919 1607 982 1672 veri
1005 1607 1085 1692 regis
1101 1607 1256 1691 proprium
1280 1624 1458 1690 cognoscere
1480 1623 1529 1669 res

276 1741 348 1788 suas
371 1723 402 1788 et
424 1741 485 1788 non
507 1721 616 1788 alianis
639 1742 757 1806 semper
779 1724 875 1789 oculis
891 1742 1017 1804 cernere,
1041 1723 1150 1789 alienis
1173 1723 1276 1789 audim
1299 1721 1432 1799 auribus,
1454 1719 1486 1786 id
1510 1739 1529 1785 a

277 1844 360 1906 ser.tc
389 1841 443 1904 tua
465 1855 519 1923 pro
541 1840 646 1904 nostro
678 1838 828 1923 singrrlari
851 1842 882 1905 et
910 1859 979 1906 rere
1008 1841 1134 1924 paterno
1156 1839 1190 1905 in
1212 1841 1243 1906 te
1264 1857 1367 1904 amore
1395 1838 1431 1904 ut
1453 1855 1529 1920 agas

277 1954 454 2038 expetimus.
501 1953 651 2020 Novimus
673 1954 764 2020 istius
788 1955 875 2040 regni
897 1974 977 2039 opes,
1000 1956 1072 2036 vim,
1102 1956 1229 2040 copiam,
1252 1955 1386 2022 virorum
1408 1951 1529 2019 animos

276 2073 308 2137 et
331 2070 452 2146 robora3
476 2088 551 2153 qaae
575 2070 602 2134 si
617 2070 699 2155 regis
721 2071 882 2154 prudentia
905 2073 985 2138 recte
1000 2073 1214 2157 gubernentur,
1230 2070 1383 2137 industria
1397 2070 1528 2146 alantur,

277 2204 337 2252 non
359 2185 449 2252 modo
472 2185 614 2251 finitimis
637 2187 757 2270 populis
780 2190 810 2254 et
834 2188 1010 2254 nationibus
1033 2189 1087 2254 sed
1101 2188 1244 2254 omnibns
1267 2186 1407 2253 inomni
1429 2183 1528 2250 facul-

276 2302 340 2367 tate
354 2299 440 2384 paria
455 2319 521 2366 esse
536 2304 672 2384 possunt.
719 2300 817 2382 Quam
841 2304 961 2370 tantam
977 2303 1273 2370 administrationem
1289 2301 1530 2370 admoderamen

277 2436 380 2483 rerum
402 2417 606 2482 maximarum
636 2416 693 2483 tibi
716 2437 735 2483 a
756 2418 889 2486 Domino
911 2420 975 2486 Deo
1005 2419 1112 2485 datum
1142 2419 1281 2504 cupimus
1305 2419 1376 2483 ate
1405 2415 1452 2482 fili
1473 2433 1527 2481 ca·

276 2532 398 2598 rissime
421 2533 505 2617 regia
529 2532 640 2598 virtute
670 2535 761 2618 atquc
783 2534 885 2601 animo
908 2535 1079 2620 gubernari.
1125 2535 1208 2602 Haec
1231 2554 1301 2602 vcro
1324 2533 1391 2619 ipsa
1413 2532 1526 2618 guber·

277 2648 360 2714 natio
383 2648 416 2714 in
439 2649 556 2715 duabus
578 2651 668 2716 rebus
692 2650 887 2734 potissimum
910 2651 1060 2730 consistit,
1091 2653 1125 2716 ut
1148 2653 1178 2717 ei
1201 2652 1235 2716 tu
1257 2669 1310 2735 per
1333 2651 1364 2716 te
1387 2651 1456 2714 tuas
1480 2665 1527 2712 res

277 2765 443 2850 intelligas,
466 2767 497 2830 et
526 2766 673 2832 bonomm
696 2767 939 2833 consiliariorum
968 2787 1003 2834 ac
1032 2767 1170 2834 fidelium
1199 2766 1410 2833 ministrorum
1438 2782 1527 2848 opera

278 2875 378 2958 utare3
401 2881 453 2965 qni
476 2899 536 2948 non
560 2901 650 2948 suum
665 2882 818 2966 privatum
842 2883 1034 2950 commodum
1058 2884 1111 2950 sed
1134 2885 1220 2950 tuam
1235 2882 1366 2968 gloriam
1381 2881 1527 2966 regnique

279 2997 373 3063 totius
397 2997 528 3064 salutern
551 2998 738 3082 propositam
761 2999 902 3066 habeant.

272 3141 275 3144 ·
367 3113 432 3178 Hoc
454 3131 509 3179 nos
532 3115 634 3180 animo
657 3116 688 3180 et
710 3114 767 3180 bac
789 3116 835 3180 tui
857 3115 980 3182 horroris
1001 3115 1168 3200 cupiditate
1190 3116 1307 3182 inducti
1329 3112 1523 3182 commenda·

278 3228 378 3294 rimus
402 3229 460 3294 tibi
483 3229 534 3295 dil.
551 3229 579 3295 fi.
604 3228 793 3313 Stephanum
808 3231 1004 3298 Broderioum
1028 3232 1067 3298 ad
1088 3233 1223 3300 officium
1246 3231 1476 3306 cancellariatus
1492 3248 1526 3294 ao

278 3343 388 3410 nuncio
410 3344 481 3410 istic
503 3345 601 3411 nostri
631 3345 749 3412 bomini
771 3347 913 3430 prudenti
942 3349 1169 3416 commissimus
1191 3350 1227 3414 ut
1249 3365 1455 3433 quaecumque
1477 3343 1524 3410 vi·

278 3459 362 3524 deret
385 3459 424 3524 ad
438 3460 634 3527 removendas
651 3461 741 3527 istius
763 3463 851 3548 regni
866 3464 1045 3531 offensiones
1060 3467 1228 3548 opportuna
1251 3483 1286 3530 ea
1301 3465 1406 3530 nostra
1421 3461 1524 3526 aucto·

277 3574 368 3640 ritate
390 3577 422 3640 et
444 3577 565 3642 nomine
589 3577 669 3662 apud
699 3584 803 3644 ser.tam
827 3582 912 3645 tuam
935 3585 1123 3664 procurar·et;
1146 3600 1236 3666 quem
1260 3579 1358 3647 officio
1387 3577 1525 3643 functum

278 3689 449 3774 diligenter,
472 3694 502 3757 et
525 3695 610 3759 tuam
634 3695 947 3761 sternumentum
969 3698 999 3761 et
1014 3696 1174 3781 prudentia
1196 3697 1229 3762 in
1243 3694 1357 3762 nostris
1380 3689 1524 3760 monitio-

278 3805 368 3871 nibus
391 3807 574 3893 accipiendis
598 3809 692 3876 brisso
722 3828 810 3875 usam
833 3812 1000 3896 plurimum
1029 3813 1206 3896 gaudemus.
1252 3811 1317 3877 Nos
1340 3811 1471 3876 veterem
1494 3807 1525 3872 ot

277 3925 455 4006 perpetuum
478 3927 616 3991 nostrum
632 3944 766 3993 amorem
782 3945 854 4011 erga
876 3928 908 3992 te
929 3947 1144 4013 prosequemur
1158 3927 1350 4012 patriumque
1374 3923 1522 3999 affectum,

278 4057 313 4102 ac
336 4039 363 4103 ei
385 4039 468 4105 lilius
497 4044 599 4107 noster
627 4061 710 4107 esses
733 4063 768 4108 er
790 4043 878 4111 nobis
908 4046 1006 4122 natus,
1029 4043 1282 4125 conservabimus,
1312 4056 1524 4126 nunquamque

278 4173 382 4220 curam
412 4155 603 4224 dimittemus
627 4177 661 4223 er
691 4158 793 4224 animo
823 4160 914 4226 istius
943 4161 1031 4245 regni
1052 4180 1122 4227 curn
1145 4163 1198 4226 tua
1227 4160 1315 4227 landa
1344 4155 1465 4224 fovendi
1493 4155 1524 4219 et

277 4271 482 4338 conservandi.
535 4273 627 4338 Cuius
650 4276 684 4338 trr
707 4293 795 4340 curae
825 4277 947 4342 nostrae
968 4279 1003 4342 ut
1031 4276 1151 4342 adiutor
1173 4277 1204 4342 et
1227 4275 1324 4342 socius
1347 4274 1399 4352 sis,
1423 4268 1522 4336 studio

278 4387 458 4454 auctoritate
480 4388 641 4474 prudentia
670 4389 796 4474 imperio
828 4397 931 4458 ser.tem
955 4393 1040 4458 tuam
1069 4390 1235 4476 plurimum
1258 4393 1291 4458 in
1313 4393 1444 4459 Domino
1467 4390 1521 4457 ad·
