3346 5084
785 365 1030 437 -458-

279 562 441 648 antequam
472 561 648 630 devertatur
677 563 917 648 adpetitionem
946 565 1139 632 collationem
1163 566 1227 633 sive
1255 566 1529 652 transumptionem

279 679 464 746 assertorum
487 679 600 745 iuriam
616 679 811 746 sanctitatem
834 680 862 746 1.
878 702 907 747 n.
922 700 975 764 per
990 681 1142 766 prefatum
1165 683 1193 749 1.
1209 683 1454 749 commissarium
1470 683 1530 748 sibi

279 796 406 876 (1666111,
436 798 467 862 61
488 795 605 879 imponi
627 797 658 862 et
680 794 747 888 dari
769 796 888 880 copiam
918 796 1056 863 omnium
1082 798 1113 862 et
1142 816 1399 883 quorumcumque
1428 817 1528 864 asser·

247 893 249 898 ’
280 913 381 978 torum
403 911 516 978 iuriam
539 911 704 995 petitomm
719 911 971 978 insinuandorum
994 915 1025 979 ct
1039 913 1345 980 transmittendorum
1368 917 1403 980 ut
1419 914 1530 980 dicitur

280 1029 312 1092 in
327 1030 468 1112 Augusta
484 1026 655 1094 maiestatis
670 1046 840 1106 caesarcae;
864 1029 941 1094 alios
956 1030 1141 1112 protestatus
1156 1029 1224 1109 fnit,
1247 1031 1278 1096 et
1293 1031 1478 1113 protestatur
1493 1029 1531 1096 16

280 1145 421 1213 nullitate
450 1143 587 1210 omnium
617 1143 803 1228 agendorum
826 1145 858 1210 in
881 1145 1040 1228 premissis
1070 1146 1101 1211 et
1122 1145 1203 1212 circa
1231 1148 1391 1229 premissa,
1421 1148 1451 1212 et
1472 1147 1530 1211 boc

281 1261 366 1328 omni
388 1260 508 1328 meliori
529 1259 620 1328 modo
642 1260 698 1327 otc.
744 1260 810 1327 Neo
832 1278 891 1328 non
915 1262 1036 1328 instetit
1051 1261 1137 1346 elegi
1160 1263 1192 1328 ot
1213 1261 1353 1346 deputari
1374 1262 1474 1342 boras,
1497 1262 1530 1327 in

279 1377 389 1462 quibus
412 1379 442 1443 et
464 1377 545 1443 inter
567 1395 643 1461 quas
665 1395 837 1462 comparere
860 1378 958 1461 possit
980 1377 1018 1443 ad
1041 1380 1126 1444 actus
1151 1378 1336 1444 successivos
1358 1378 1474 1445 flendos
1496 1378 1531 1443 in

276 1494 411 1579 presenti
433 1511 524 1559 66166
546 1493 694 1577 petiitque
715 1492 848 1559 revocari
870 1493 1022 1560 aedictum
1052 1493 1231 1577 impositum
1254 1495 1287 1559 in
1310 1513 1343 1560 se
1372 1493 1531 1560 continens

277 1611 343 1695 ipso
365 1611 430 1676 iuro
452 1610 483 1675 et
498 1608 684 1692 protestatus
700 1608 759 1674 luit
780 1609 887 1674 haberi
910 1627 963 1692 pro
979 1608 1135 1689 revocatis,
1157 1609 1311 1694 elegitque
1333 1608 1529 1692 16661616-
1657 1649 1658 1652 =

160 1725 164 1732 “
276 1728 396 1793 curator
417 1745 471 1811 pro
494 1726 560 1792 eius
582 1724 737 1791 domicilio
751 1725 921 1809 hospitium
944 1725 1064 1791 ensium
1087 1725 1222 1810 positum
1244 1723 1277 1790 in
1295 1724 1429 1809 presenti
1451 1723 1530 1789 oiri-

276 1845 348 1922 tale‚
371 1843 405 1908 in
427 1860 487 1926 qua
501 1841 590 1907 citari
612 1841 710 1925 possit
724 1839 763 1906 ad
786 1842 872 1906 actus
895 1841 1081 1908 successivos
1096 1840 1212 1908 fiendos
1235 1841 1315 1907 circa
1334 1841 1530 1908 collationem

275 1959 451 2045 prodictam.
473 1959 573 2025 Tener
595 1956 733 2023 mandati
754 1957 884 2041 predicti
906 1958 1049 2041 sequitur.

366 2076 511 2142 Presonte
533 2094 556 2139 r.
580 2072 613 2139 in
635 2071 757 2140 (11111616
784 2075 872 2156 patre
895 2072 1017 2140 domino
1039 2071 1158 2139 Joaune
1180 2072 1271 2139 Petro
1294 2074 1434 2139 Ferretta
1456 2091 1529 2157 pro·

276 2193 413 2258 curatore
437 2209 460 2256 s.
483 2190 511 2256 1.
535 2210 564 2255 n.
587 2191 619 2254 et
647 2188 712 2255 eius
743 2186 871 2255 Sanctae
895 2186 982 2255 Sedis
1012 2187 1195 2273 apostolicae
1224 2190 1315 2271 prout
1343 2191 1470 2272 apparet
1492 2189 1530 2256 16

276 2306 341 2373 cios
365 2306 510 2396 mandato
524 2304 557 2370 in
573 2303 650 2370 actis
673 2303 736 2370 moi
750 2303 863 2370 notarii
885 2305 1038 2388 producto,
1063 2306 1094 2369 el
1115 2304 1152 2370 16
1167 2322 1245 2371 novo
1260 2303 1356 2370 aliam
1378 2307 1530 2387 quatenus

274 2441 349 2506 opus
374 2421 416 2486 sit
431 2419 647 2504 reproduoeute
662 2419 821 2485 actualiter
835 2418 1028 2504 predictaque
1050 2439 1104 2503 per
1118 2417 1287 2502 predictum
1303 2422 1530 2502 procuratorem

275 2536 319 2602 ill.
343 2536 371 2602 1.
386 2535 538 2619 Alpbonsi
561 2537 592 2602 et
615 2537 789 2619 acceptante
811 2538 845 2601 iu
860 2538 954 2618 parte,
977 2537 1008 2601 ot
1023 2535 1163 2618 partibus
1186 2534 1315 2600 faciente
1338 2537 1370 2600 61
1385 2535 1528 2600 facienti-

274 2653 331 2718 bus
354 2670 409 2735 pro
424 2651 505 2718 dioto
529 2671 552 2717 s.
568 2651 692 2717 domino
706 2654 812 2718 nostro
835 2653 891 2718 cto.
922 2651 960 2716 In
983 2651 1110 2716 caeteris
1127 2669 1197 2716 vero
1219 2649 1402 2716 iacientibus
1422 2653 1529 2716 oonlra

274 2768 414 2844 minime;
430 2767 525 2833 immo
540 2766 577 2832 16
592 2767 735 2833 nullitate
750 2768 938 2851 protestante
954 2766 1169 2850 inbercuthue
1178 2765 1320 2832 omnibus
1336 2785 1427 2849 supra
1437 2765 1529 2831 iactis

274 2902 373 2950 coram
398 2883 533 2967 predicto
556 2881 720 2967 magnifico
743 2881 866 2951 domino
890 2881 1101 2950 commissario
1123 2881 1301 2965 dicenteque
1325 2881 1454 2947 minime
1477 2901 1527 2946 re·
1657 2919 1658 2990 p

273 2999 374 3064 vocari
396 2997 504 3065 debere
526 2997 602 3063 dicti
627 2996 672 3064 ill.
695 2998 723 3064 1.
747 2999 939 3065 contumacia
961 2998 1205 3082 protestantiquo
1220 2999 1274 3063 etc.
1299 2998 1383 3063 omni
1407 2997 1528 3064 meliori
1657 3033 1658 3048 1

273 3113 363 3181 modo
386 3115 417 3180 61
440 3113 536 3180 salvis
560 3132 678 3196 semper
700 3112 841 3197 exceptis.

361 3231 565 3314 Prosenlmue
588 3228 669 3295 dioto
691 3229 719 3295 1.
735 3226 864 3295 Nicolao
886 3229 919 3294 et
940 3227 1086 3312 predictis
1109 3246 1169 3294 non
1185 3230 1393 3295 consentiente
1415 3229 1477 3293 nisi
1492 3226 1527 3293 in

272 3349 358 3430 parte
380 3347 411 3411 61
425 3346 564 3428 partibus
580 3345 757 3428 dicenteque
773 3365 833 3412 non
849 3344 1043 3412 obstantibus
1059 3343 1203 3428 predictis
1219 3342 1441 3411 deveniendum
1458 3361 1526 3410 csse

272 3461 310 3526 ad
334 3461 430 3545 petita
452 3480 506 3547 per
528 3463 639 3544 ipsum.
1657 3531 1658 3534 Ἴ

361 3577 506 3643 Presentc
529 3575 611 3643 dicto
634 3595 657 3641 r.
681 3575 708 3640 1.
732 3577 924 3659 procuratore
953 3578 985 3642 61
1006 3574 1152 3660 predictis
1175 3593 1229 3658 por
1251 3593 1321 3640 eum
1344 3575 1524 3659 protestatis
1657 3557 1658 3616 l

271 3691 428 3758 iuberentc
462 3693 642 3775 6616116666
673 3690 790 3758 moneri
826 3689 942 3757 dictum
970 3689 1050 3757 dom.
1081 3693 1304 3774 procuratorem
1335 3689 1380 3756 ill
1408 3687 1525 3755 domini

272 3806 423 3890 Alpbonsi
446 3825 501 3889 pro
523 3806 572 3872 dic
596 3805 729 3872 crastina
751 3806 788 3873 de
811 3825 900 3872 mane
922 3805 997 3872 bora
1019 3806 1081 3872 xiii.

362 3921 421 4003 Qui
443 3921 627 4007 magnificus
650 3921 678 3988 1.
701 3924 837 4006 66166166
866 3925 898 3988 61
920 3919 1149 3988 commissarius
1180 3919 1287 3986 sedens
1309 3921 1365 3986 etc.
1389 3919 1523 4003 predicta
1593 3955 1602 3964 ·
1657 3973 1658 4004 p

272 4037 399 4104 admisit
422 4037 449 4104 si
472 4041 503 4105 ot
525 4038 559 4103 in
581 4038 738 4122 quantum,
768 4039 800 4104 et
822 4037 943 4104 monuit
965 4036 1064 4104 dictos
1087 4035 1115 4101 1.
1139 4037 1347 4119 procuratores
1369 4035 1523 4118 presentes

271 4173 325 4238 pro
348 4153 398 4219 dic
420 4152 553 4219 crastina
576 4172 634 4236 que
649 4151 709 4218 erit
731 4172 796 4218 rur.
812 4152 963 4236 presentis
986 4151 1102 4218 mensis
1125 4150 1164 4216 61
1187 4148 1431 4216 interessendum
1454 4167 1520 4232 prc-

271 4268 363 4334 dictis
386 4269 662 4336 auscultationibus
685 4270 717 4334 el
740 4266 1038 4352 transumptionibus
1062 4265 1146 4334 omni
1159 4264 1288 4332 ‘meliori
1310 4263 1401 4330 modo
1424 4266 1479 4330 etc.
1534 4337 1539 4346 ,
1657 4293 1658 4326 r

360 4383 505 4450 Prosonte
528 4383 555 4449 d.
572 4382 700 4449 Nioolao
723 4385 914 4466 procuratore
937 4383 1066 4466 predicti
1090 4382 1134 4448 ill.
1150 4381 1269 4448 domini
1291 4379 1378 4446 ducis
1401 4383 1433 4446 et
1454 4397 1521 4464 pre·

270 4497 363 4565 dictis
385 4517 446 4565 non
469 4499 675 4566 consentiente
697 4500 753 4564 cto.
1657 4497 1658 4504 ’
