3380 5088
759 309 1004 384 ·--286μ

253 509 326 580 dum
348 511 447 582 fluore
468 509 579 580 Italiae
607 511 783 592 turbandae,
806 531 842 580 ac
864 512 988 580 domum
1010 511 1196 600 subigendae
1218 509 1379 597 ferebatur,
1411 512 1503 584 toties

253 631 299 698 ita
321 631 454 698 afflictus
476 631 568 716 atque
589 629 713 696 demum
735 629 789 709 ita
818 649 856 698 ne
879 649 949 696 oum
978 630 1069 697 unius
1092 630 1215 716 quidem
1244 631 1343 699 nostri
1370 632 1505 700 hominis

255 745 304 834 (nt
317 747 364 813 ita
377 743 529 833 meamus)
551 745 677 826 motura,
699 745 844 812 disiectus
868 746 910 812 sit
931 747 1042 814 utnon
1057 747 1096 814 ab
1119 747 1295 814 bominibus
1318 747 1372 814 aad
1394 766 1463 814 uera
1486 767 1505 813 a

254 881 383 948 superno
397 863 465 946 ipso
479 862 604 928 numina
618 859 763 946 depulsus
779 861 938 929 videatur?
961 863 1099 930 Profecto
1114 863 1333 948 ingratissime,
1357 883 1395 931 no
1410 863 1504 948 impie

252 978 399 1058 dicamus,
421 977 599 1057 faceremus,
621 976 650 1043 si
671 977 734 1043 ullo
757 996 891 1061 unquam
914 979 1049 1063 tempore
1064 978 1198 1064 gratiam
1220 981 1341 1046 tantam
1363 979 1504 1047 oblivisci

254 1097 308 1160 aut
329 1093 524 1161 dissimulare
546 1112 603 1160 nos
625 1111 714 1177 possa
737 1092 935 1160 crederemus.
980 1095 1023 1160 At
1045 1094 1165 1179 quando
1188 1113 1236 1161 res
1259 1096 1359 1162 vestre
1387 1095 1502 1162 saneti-

254 1210 329 1277 tatis
351 1211 509 1294 tantopere
530 1208 564 1274 in
586 1207 679 1274 Italia
700 1208 881 1294 praesertim
903 1228 972 1275 oum
987 1212 1093 1276 nostra
1115 1210 1276 1276 coniuncta
1292 1213 1347 1291 est,
1370 1209 1450 1294 quod
1472 1211 1505 1276 et

253 1325 321 1411 ipsa
350 1325 414 1391 suis
436 1323 476 1390 ad
505 1342 561 1390 nos
582 1323 695 1390 litteris
723 1323 947 1390 humanissime
976 1324 1174 1406 demonstrat
1205 1327 1368 1410 nostraque
1391 1325 1504 1410 pariter

253 1460 323 1508 oum
345 1441 431 1506 iilius
453 1441 583 1519 fortuna,
606 1439 651 1505 ita
673 1439 772 1506 eidem
794 1458 856 1506 non
878 1441 981 1506 minue
1005 1460 1097 1526 quam
1121 1441 1209 1508 nobis
1231 1442 1424 1528 gratulamur
1446 1459 1501 1507 ne·

253 1575 336 1623 cesse
358 1558 414 1622 est
459 1553 594 1640 Cumque
617 1574 678 1622 non
701 1554 800 1622 solum
824 1556 971 1640 sapientis
1002 1557 1055 1624 sed
1077 1559 1109 1624 ct
1129 1557 1175 1640 pii
1195 1557 1330 1624 hominis
1354 1559 1404 1638 sit,
1427 1576 1504 1642 quoe

254 1673 342 1740 nobis
364 1671 491 1738 coelitus
513 1671 603 1756 quasi
623 1670 805 1752 indicantur,
837 1670 904 1738 uas
927 1672 1020 1756 sequi,
1051 1671 1206 1758 divinique
1227 1673 1364 1740 numinis
1387 1673 1504 1740 favores

253 1788 406 1874 amplecti,
428 1788 465 1853 ut
485 1787 520 1853 in
541 1787 606 1852 dies
621 1786 732 1854 melius
755 1788 847 1854 rebus
862 1787 1002 1868 firmatis,
1025 1807 1087 1856 non
1101 1788 1210 1856 Italiae
1233 1790 1341 1869 solum,
1365 1788 1418 1855 sed
1432 1786 1503 1854 uni-

253 1923 339 1971 uerso
362 1903 528 1970 christiano
550 1902 618 1969 orbi
639 1904 762 1970 aatema
784 1904 816 1969 et
838 1905 982 1988 perpetua
1004 1923 1062 1989 pax
1084 1904 1229 1990 pariatur,
1244 1904 1382 1990 nihilque
1403 1903 1505 1989 magis

253 2021 292 2087 ad
315 2022 372 2087 boo
394 2019 492 2086 iacere
514 2019 660 2097 videatur,
683 2037 776 2103 quam
798 2018 899 2086 modis
921 2020 1063 2087 omnibus
1086 2020 1193 2100 adniti,
1220 2019 1403 2088 uitandam
1425 2018 1503 2087 Hel·

252 2137 366 2203 vadam
381 2137 505 2220 gentem
520 2153 539 2200 a
561 2137 626 2200 tam
641 2133 757 2200 iniusta
772 2153 864 2200 causa
878 2132 963 2200 Galli
985 2134 1205 2220 disiungamus,
1228 2136 1344 2222 hocque
1365 2136 1399 2202 in
1414 2155 1499 2220 praa·

254 2252 354 2318 sentia
375 2251 491 2316 iactum
514 2250 698 2317 facillimum
728 2248 904 2330 iudicemus,
935 2252 974 2316 ab
997 2270 1032 2316 ea
1055 2270 1132 2335 quae
1155 2252 1326 2335 accepimus
1349 2252 1412 2318 illis
1434 2270 1503 2316 oum

255 2366 345 2433 Gallo
367 2366 542 2450 contigisse,
564 2366 613 2430 vol
635 2365 707 2451 quia
729 2364 905 2450 intelligent
927 2385 960 2432 se
981 2366 1095 2434 iniuste
1111 2365 1200 2433 Gallo
1222 2367 1331 2446 iuvere,
1354 2367 1386 2432 et
1407 2366 1504 2432 multo

255 2485 342 2568 plura
372 2483 401 2549 ei
422 2481 613 2567 praestitisse
643 2499 735 2565 quam
765 2480 950 2562 debuissent,
974 2500 1145 2567 magnaque
1174 2480 1316 2548 aeaeis
1345 2483 1378 2548 et
1399 2500 1452 2566 spo
1474 2483 1505 2546 at

254 2599 391 2665 mercede
409 2598 587 2676 frustratoa3
603 2599 760 2682 propterea
776 2596 812 2663 de
829 2597 987 2664 mittendis
1003 2597 1041 2663 ad
1057 2598 1139 2683 ipsos
1157 2598 1313 2666 Heluetios
1336 2597 1505 2663 oratoribus

254 2715 368 2782 nostris
391 2713 519 2780 consilia
541 2713 676 2792 iniimus,
699 2713 803 2797 eisque
832 2714 926 2781 etiam
950 2713 1192 2798 significavimus
1215 2731 1276 2782 non
1299 2713 1404 2792 vereri,
1432 2712 1506 2797 quin

255 2831 403 2898 sanctitas
426 2832 527 2896 vestm
549 2847 658 2896 causae
680 2831 802 2896 nostras
824 2829 946 2896 factura
969 2829 1023 2906 sit;
1054 2829 1249 2897 sanctitatem
1276 2847 1348 2914 ergo
1370 2829 1504 2895 raabam

254 2947 363 3014 maiori
385 2964 443 3030 quo
458 2965 621 3030 possumus
637 2945 737 3011 studio
760 2963 904 3030 rogamus
926 2947 962 3010 ut
976 2946 1008 3011 et
1022 2945 1090 3028 ipsa
1105 2945 1237 3030 aliquem
1254 2963 1344 3012 auum
1359 2942 1504 3011 nuncium

254 3063 404 3142 decernat,
434 3061 487 3147 qui
508 3061 663 3145 inprime
686 3063 834 3128 conventu
856 3079 910 3145 pro
938 3061 1026 3127 nobis
1048 3060 1129 3145 apud
1159 3060 1315 3128 Helvetios
1345 3056 1503 3127 indicendo

254 3199 324 3246 oum
338 3179 409 3245 aliis
424 3177 594 3244 crateribus
617 3176 730 3242 nostris
752 3176 884 3256 intersit,
906 3176 1106 3262 digneturque
1129 3196 1155 3242 ι.
1181 3175 1329 3243 sanctina
1350 3175 1396 3241 ita
1417 3175 1451 3241 in
1472 3193 1505 3240 re

254 3297 312 3362 bac
327 3297 460 3360 statuere
475 3291 729 3377 quemadmodum
745 3293 776 3358 et
799 3291 908 3377 pietati
922 3293 953 3358 et
975 3291 1087 3359 rationi
1108 3292 1314 3377 praesentium
1332 3293 1504 3374 temporum

255 3411 406 3498 (tacemus
421 3428 501 3475 nuno
515 3410 653 3475 nostram
667 3427 741 3492 erga
755 3407 844 3473 iilam
866 3408 1092 3474 observantiam
1114 3410 1146 3474 ot
1160 3409 1339 3493 perpetuum
1354 3403 1502 3490 amorem)

254 3525 413 3594 conuenire
442 3544 534 3610 quam
563 3524 695 3590 manime
724 3523 931 3590 arbitrabitur.
976 3524 1042 3591 Hoc
1064 3523 1188 3608 quidem
1210 3541 1306 3589 unum
1334 3519 1502 3588 identidem

254 3641 389 3727 profiteri
404 3642 543 3708 volumus
559 3639 701 3725 quicquid
716 3658 850 3725 unquam
867 3639 956 3706 nobis
971 3639 1146 3706 sanctitatis
1161 3639 1279 3705 vestrae
1295 3637 1397 3703 fauore
1412 3637 1503 3720 atque

254 3777 309 3844 ope
318 3756 627 3825 amesuoritunaoum
637 3751 1504 3823 meterisrebusnostrisademetitatisvestrnedesideria

255 3893 373 3959 semper
387 3872 618 3959 paratissimum
632 3872 704 3940 iore.
735 3871 903 3956 Valeatque
918 3889 1010 3957 quam
1026 3871 1210 3938 felicissime.
1233 3870 1314 3936 Data
1331 3867 1503 3935 incivitate

254 3993 359 4060 nostra
381 3989 542 4076 Burgensi,
565 3988 614 4056 dio
637 4008 702 4055 xxv.
727 3988 804 4054 Maii
827 4007 906 4056 anno
921 3987 1047 4056 Domini
1073 3987 1237 4054 millesimo
1259 3983 1502 4070 quingentesimo

253 4107 402 4193 uigosinm
424 4109 540 4191 quarto,
562 4124 724 4191 regnorum
739 4107 912 4172 nostrorum
927 4105 1059 4172 Romani
1081 4105 1186 4189 quinto
1208 4105 1240 4168 et
1261 4101 1392 4169 aliorum
1414 4119 1500 4167 nono.

342 4221 468 4290 Carolus
491 4223 594 4290 diuina
622 4221 743 4289 inventa
771 4221 942 4302 clementio,
972 4222 1086 4288 electus
1109 4221 1316 4288 Romanorum
1337 4218 1503 4302 imperator

255 4359 373 4426 semper
400 4339 569 4424 Augustus,
598 4357 634 4405 ac
663 4337 854 4419 Germaniae,
883 4337 1103 4422 Hispaniarum
1132 4335 1290 4420 utriusque
1320 4332 1442 4400 Siciliae
1471 4335 1502 4400 ot

255 4457 374 4526 Hieros.
398 4474 457 4526 rex.
1217 4451 1273 4519 Pia
1296 4449 1412 4518 Nicola.
