3400 5088
865 581 915 645 71.

727 747 884 818 Reginae
905 748 1054 818 Angliae

351 901 517 967 Carissima
539 901 572 966 in
594 899 715 967 Christo
739 900 803 966 filia
824 903 930 967 nostra
952 903 1007 967 000.
1053 901 1203 966 Redeunti
1226 901 1306 966 istus
1328 900 1367 965 ad
1390 900 1514 964 0001001-

263 1039 348 1084 mum
370 1018 404 1083 in
427 1017 547 1083 Christo
570 1017 669 1083 filium
692 1019 831 1083 nostrum
854 1017 1021 1083 Hominum
1043 1016 1172 1100 Anglioe
1195 1035 1299 1100 regem
1321 1015 1392 1081 fidei
1408 1015 1513 1080 defan-

263 1153 361 1200 sorem
384 1134 544 1219 coniugam
566 1135 654 1198 tuum
677 1133 786 1199 dilecto
809 1134 873 1199 filio
896 1131 1042 1218 Gregorio
1066 1132 1161 1216 equiti
1177 1131 1296 1198 Casalio
1319 1131 1514 1197 adiunximus

261 1270 327 1316 ven
344 1252 470 1316 fratrem
485 1251 706 1336 Hieronymum
729 1251 903 1334 episcopum
919 1250 1166 1334 wigorniensem
1189 1250 1359 1332 praelatum
1376 1250 1514 1314 nostrum

261 1367 471 1446 domesticum,
494 1368 546 1451 qui
569 1367 608 1431 ad
631 1367 759 1432 eundem
783 1386 886 1450 regem
909 1366 1045 1444 00001000,
1068 1367 1173 1431 nostra
1188 1364 1283 1430 etiarn
1306 1367 1405 1432 00000]
1429 1384 1514 1430 eorn-

263 1484 432 1550 munioaret
455 1483 590 1561 oonsilio,
613 1483 753 1566 00000000
782 1483 987 1565 gratulatione
1010 1484 1076 1547 tam
1098 1481 1232 1566 insignis
1256 1480 1399 1546 victoriae
1422 1499 1515 1564 quam

261 1600 411 1666 Dominus
434 1599 625 1683 omnipotens
649 1597 843 1664 serenissimo
860 1595 981 1663 Cassan
1004 1600 1035 1663 et
1057 1597 1122 1663 aius
1145 1597 1272 1663 ducibus
1296 1596 1335 1662 ad
1353 1596 1513 1662 000100010-

260 1737 331 1783 nem
353 1716 504 1781 bellorum
526 1716 562 1780 ut
578 1733 734 1797 speramus
750 1713 887 1779 omnium
910 1715 941 1780 at
960 1714 1089 1780 salutem
1106 1712 1342 1779 christianitatis
1358 1713 1515 1792 000000οἰ0

260 1832 322 1897 alia
344 1830 452 1898 deinde
474 1833 635 1914 exponeret
658 1849 734 1914 quae
749 1849 805 1895 nos
828 1831 908 1894 serto
927 1829 1112 1895 arbitramur
1134 1805 1318 1895 christianae
1333 1829 1515 1913 reipublicae

260 1950 291 2014 00
313 1948 374 2033 ipsi
397 1947 520 2012 Cassan
535 1949 567 2012 et
589 1947 784 2012 serenissimo
800 1946 893 2011 etiam
917 1945 1038 2030 ooniugi
1060 1946 1113 2011 tuo
1136 1943 1174 2010 ad
1198 1945 1398 2011 stabilitatem
1415 1944 1515 2010 laudis

260 2067 291 2130 00
313 2064 452 2130 omnium
482 2063 591 2129 salutis
621 2082 688 2128 0000
719 2062 898 2128 0000000010.
952 2061 1118 2127 Hortamur
1143 2061 1338 2126 serenitatem
1367 2062 1452 2127 tuam
1482 2060 1515 2126 in

260 2181 392 2247 Domino
413 2181 449 2245 00
463 2179 580 2264 prefato
604 2179 743 2263 episcopo
767 2179 798 2242 00
813 2177 940 2242 coeteris
955 2177 1027 2242 istis
1050 2176 1169 2242 nunciis
1192 2177 1306 2242 nostris
1321 2177 1354 2242 in
1377 2177 1416 2242 iis
1439 2196 1515 2261 quae

259 2295 374 2362 nostris
389 2295 490 2361 verbis
506 2295 564 2360 tibi
580 2293 820 2379 significaverint
835 2292 927 2358 fidem
943 2313 1065 2358 omnem
1083 2293 1194 2358 habere
1209 2311 1244 2357 ao
1259 2294 1395 2358 mentem
1410 2312 1515 2358 aures·

260 2431 319 2496 que
342 2411 491 2495 benignas
514 2413 545 2476 00
574 2411 679 2476 faciles
703 2409 845 2474 adhibere
876 2409 967 2488 velis,
997 2407 1188 2492 gratiamque
1217 2426 1340 2473 ornnem
1370 2409 1456 2474 tuam
1484 2410 1516 2473 et

259 2546 348 2612 opem
362 2529 393 2591 et
408 2526 541 2592 favorem
557 2524 636 2610 apud
652 2524 881 2591 serenissimum
897 2525 1056 2608 ooniugem
1072 2525 1160 2588 tuum
1183 2522 1222 2588 ad
1237 2523 1408 2608 peragenda
1424 2543 1513 2590 man-

260 2643 333 2708 data
354 2643 459 2708 nostra
481 2643 512 2708 et
527 2661 686 2708 commune
708 2641 803 2706 totius
819 2640 1054 2705 ohristianitatis
1077 2639 1270 2705 commodum
1292 2641 1323 2704 00
1338 2639 1514 2724 tranquilli-

260 2761 357 2824 tatem
379 2757 598 2841 procurandam
620 2757 802 2840 impendere,
825 2757 1012 2840 eundemque
1034 2755 1136 2840 ipsum
1158 2755 1319 2840 uoniugem
1342 2758 1430 2821 tuum
1455 2775 1515 2820 una

261 2893 330 2940 oum
352 2873 428 2958 ipsis
451 2874 571 2939 nunciis
594 2873 678 2938 omni
701 2871 802 2939 studio
823 2871 941 2938 hortari
962 2874 994 2937 et
1016 2891 1130 2956 rogare,
1153 2873 1188 2937 ut
1211 2872 1324 2955 quanto
1347 2871 1385 2936 ab
1408 2871 1513 2937 eodem

260 2990 326 3056 Deo
347 2990 553 3073 omnipotente
576 2988 694 3054 saoilior
715 2988 857 3054 omnibus
880 2987 931 3052 uia
953 2986 992 3052 ad
1008 2987 1243 3071 componendam
1267 2987 1347 3052 inter
1368 2987 1513 3072 01010010-

262 3124 317 3170 000
339 3123 445 3188 paoem
475 3106 533 3170 hac
555 3103 672 3189 insigni
701 3103 829 3169 viatoria
858 3102 978 3169 ridetur
1007 3103 1158 3186 patefacta
1181 3123 1256 3182 0000,
1286 3103 1372 3168 tauto
1394 3103 1423 3168 is
1445 3121 1514 3166 eam

261 3219 376 3285 maiore
399 3220 499 3286 studio
522 3239 557 3284 00
580 3221 695 3286 fervore
711 3219 795 3285 omni
819 3239 873 3284 sua
896 3219 1076 3284 autoritate
1098 3221 1130 3284 00
1151 3218 1311 3302 prudentia
1334 3218 1414 3303 apud
1437 3217 1512 3283 Cas-

262 3355 361 3402 sarem
376 3336 487 3419 ipsum,
510 3336 601 3419 atque
617 3355 658 3414 00,
681 3334 859 3418 persuadere
874 3335 950 3400 volit
972 3337 1003 3400 00
1017 3355 1184 3419 procurare.
1221 3332 1307 3414 Quod
1323 3326 1410 3400 nobis
1426 3354 1512 3400 sum-

262 3469 383 3535 mopere
405 3453 528 3536 gratum
550 3449 642 3516 faeiat
664 3452 717 3516 tua
741 3449 897 3516 serenitas.
943 3451 1059 3516 Datum
1081 3451 1137 3515 etc.
1160 3451 1195 3514 00
1218 3469 1316 3533 supra.

830 3565 953 3652 (Foris).

587 3681 676 3747 Anno
700 3681 830 3748 00000010
853 3681 972 3746 mlxxv.
1018 3679 1124 3746 Martii
1145 3680 1189 3746 iii.

635 3796 777 3881 Viseregi

635 3911 800 3978 Archidnoi

635 4027 805 4094 1100011001
827 4027 981 4093 Pisoariae

637 4144 716 4210 Duoi
737 4143 904 4210 Mediolani

635 4260 714 4327 Duoi
736 4259 888 4327 Borbonio

635 4375 771 4461 uagum
792 4375 924 4460 Augure

605 4531 610 4542 ·
635 4493 695 4558 Pro
718 4489 864 4578 Gregorio
886 4491 982 4577 equiti
1004 4489 1131 4558 Oasalio.
