3366 5084
1430 319 1461 390 V

212 525 333 613 15251)
364 527 444 607 date,
472 522 639 592 mirificum
668 521 857 610 eloquentiae
886 525 918 591 et
940 521 1206 610 magnanimitatis
1235 528 1459 611 argumentum.

210 643 325 709 Vemm
347 661 562 726 saepenumero
584 642 765 708 hortabatur
787 639 928 707 Clemens
957 641 1172 725 imperatorem
1195 640 1235 706 ad
1257 660 1345 725 opem
1369 639 1459 706 Obri-

209 759 326 824 stiauae
341 759 525 842 reipublicae
542 757 712 834 ferendam;
728 759 764 822 ut
779 758 895 823 factum
911 758 966 837 est,
982 777 1077 840 quum
1092 757 1268 822 imminenti
1283 757 1460 842 Huugariao

208 874 383 940 calamitate
413 872 680 940 uehementissime
710 875 893 951 commotus,
923 873 1029 956 quinto
1058 871 1127 938 idus
1156 873 1243 938 Febr.
1267 872 1340 938 anui
1366 874 1458 952 1526,

209 1007 288 1068 eum,
312 1009 403 1074 quam
425 988 545 1054 faedam
575 987 762 1072 ignominiae
784 989 889 1053 notam
913 988 1038 1064 subiret
1068 987 1095 1052 si
1117 1006 1310 1054 communem
1339 988 1459 1053 hostem

208 1104 276 1187 plus
291 1103 403 1170 virium
425 1123 544 1168 sumere
559 1105 722 1187 pateretur,
745 1103 828 1168 hisce
844 1103 944 1169 vorbis
967 1103 1140 1169 admonuit:
1165 1104 1276 1182 ,Quae
1293 1101 1457 1189 (Christia-

209 1238 317 1285 norum
340 1217 446 1304 salus),
468 1223 497 1283 ei
519 1219 576 1282 aua
598 1219 715 1303 inclyta
736 1222 866 1282 medone
888 1223 1019 1295 amicari,
1043 1241 1161 1284 manco
1184 1229 1212 1282 ot
1234 1220 1348 1283 maula
1363 1224 1458 1304 secto

201 1339 312 1421 sured,
337 1338 568 1421 deformemque
591 1357 725 1420 corpore,
748 1338 832 1399 beno
854 1339 949 1399 otium
972 1345 1080 1399 uotum
1104 1345 1177 1400 tuae
1199 1339 1313 1398 aetctie
1335 1336 1459 1400 edomate

209 1454 368 1528 inarserit,
396 1461 441 1526 ut,
472 1460 499 1515 tc
528 1472 624 1534 eaque
653 1453 730 1514 odeo
753 1453 886 1534 flor-emto
914 1461 943 1515 et
972 1452 1187 1537 praepollente,
1219 1454 1461 1516 immanissimis

210 1577 316 1630 tumen
330 1569 467 1632 boadbue
484 1569 613 1651 prodita
636 1577 665 1630 et
679 1570 796 1631 abiecto
810 1570 914 1652 sorbeo
929 1569 1088 1643 videntum·
1111 1569 1186 1650 quid
1201 1577 1237 1644 tc,
1260 1588 1459 1650 queceumue,

211 1703 280 1768 opas
302 1693 384 1758 tuoe,
409 1684 484 1766 qui-d
505 1686 683 1768 imperium,
707 1684 782 1766 quid
795 1687 942 1770 uictoriae
964 1686 1104 1768 ineipnee
1125 1685 1320 1748 adiubabunt
1342 1685 1387 1747 od
1409 1685 1459 1747 di-

210 1798 359 1863 tueudom
392 1799 552 1864 maecham
584 1803 722 1864 nomimis
754 1801 820 1863 tui?
873 1799 981 1877 Quem
1010 1801 1055 1864 ud
1084 1801 1194 1862 Deum
1224 1802 1459 1883 omnipotentem

211 1937 343 1980 caeream
366 1917 508 1980 dicturae
531 1917 604 1980 eei‘
618 1916 643 2001 ²)

299 2029 418 2110 Quanto
441 2031 543 2096 autem
559 2031 673 2108 robore,
696 2030 868 2114 quantique
883 2030 980 2095 animi
1001 2029 1149 2096 firmitate
1171 2031 1301 2096 eluceret
1319 2027 1459 2095 Clemens

210 2145 452 2212 indefendendis
475 2145 671 2230 tutandisque
694 2146 846 2211 Ecclesiae
868 2145 985 2212 iuribus
1008 2148 1113 2212 eontra
1135 2146 1378 2230 praepotentium
1402 2165 1459 2212 au-

210 2261 338 2342 dacium,
361 2262 446 2345 patet
468 2279 503 2327 er
518 2261 640 2340 litteris,
663 2279 739 2344 quas
755 2259 861 2327 Oarolo
884 2261 1007 2344 scripsit
1028 2263 1067 2328 ob
1088 2265 1244 2345 sumptum
1268 2261 1304 2328 de
1319 2262 1459 2346 episcopo

210 2376 385 2444 Eumorensi
409 2375 632 2462 supplicium.⁸)
663 2377 756 2443 Porro
773 2396 928 2443 summum
951 2377 984 2442 in
999 2395 1033 2443 eo
1048 2377 1142 2443 fuisse
1166 2377 1303 2443 iustitiae
1325 2396 1460 2444 amorem

211 2511 421 2576 summamque
450 2511 504 2577 pro
535 2491 633 2558 salute
663 2511 698 2558 ae
720 2492 862 2558 libertate
884 2493 994 2559 Italiae
1024 2511 1128 2559 curam
1152 2495 1183 2558 et
1212 2493 1460 2573 sollicitudinem,

210 2627 314 2674 omues
328 2610 482 2675 testantur
496 2608 642 2692 epistolae
664 2608 745 2673 tanti
759 2607 927 2692 pontilicim
950 2627 1026 2692 quas
1041 2609 1121 2675 inter
1143 2609 1205 2688 illa,
1221 2609 1321 2674 brevis
1337 2609 1460 2693 quidem

211 2725 264 2791 sed
285 2724 478 2810 gravissima,
501 2723 554 2788 ubi
569 2721 710 2789 Carolum
733 2725 920 2804 obsecrabat
942 2724 989 2789 uti
1011 2720 1149 2809 publicae
1173 2725 1267 2791 saluti
1290 2723 1461 2808 provideret

212 2863 338 2926 ,wem
362 2843 468 2925 aequis
492 2842 718 2904 conditionibus
740 2840 959 2924 amplectando,
983 2850 1013 2904 ct
1034 2842 1227 2906 emtiumdie
1248 2862 1381 2905 suorum
1404 2864 1459 2905 cu·

206 2959 391 3042 piditutibue
411 2979 451 3021 ue
465 2959 594 3020 iniuriie
615 2958 704 3020 iutra
720 2956 822 3040 lupum
845 2965 874 3020 et
888 2959 1053 3040 aequitatis
1067 2959 1169 3040 fimet
1193 2975 1316 3039 oporam
1331 2954 1458 3042 darem)

210 3073 383 3157 patientiae,
406 3091 465 3155 qua
488 3059 768 3136 nimium'Carolus
798 3072 988 3151 abutebatur,
1017 3071 1229 3137 testimonium
1252 3073 1300 3136 est
1322 3072 1459 3137 luculen-

210 3188 375 3254 tissimum.
390 3187 572 3252 Iamdudum
589 3205 719 3270 namque
729 3185 868 3252 Clemens
878 3205 948 3252 eum
963 3187 1056 3266 enixe,
1073 3185 1127 3252 sed
1141 3187 1263 3265 frustra,
1282 3187 1460 3252 adhortatus

210 3305 284 3382 erat,
307 3305 342 3369 ut
364 3304 402 3368 ab
425 3302 594 3368 auheerum
616 3302 787 3367 veterrimis
816 3301 952 3367 consiliis
975 3321 1010 3367 uc
1033 3303 1310 3369 machinationibus
1333 3304 1460 3381 careret,

210 3419 434 3502 studueratque,
456 3420 491 3483 ut
506 3417 533 3482 ia
556 3417 588 3482 et
602 3417 694 3483 uetari
708 3417 845 3501 Europae
867 3437 962 3501 reges,
986 3419 1165 3483 consociatis
1188 3419 1291 3496 armis,
1315 3418 1459 3484 saevissi-

209 3554 296 3600 mum
318 3531 560 3599 Christianomm
589 3534 709 3598 hostem
739 3531 916 3599 invaderent
938 3551 973 3600 ac
995 3533 1199 3618 profligarent.
1246 3531 1402 3618 Siquidem
1425 3553 1460 3600 ea

209 3651 325 3728 aetate,
352 3649 405 3733 qui
435 3666 554 3714 summo
584 3649 769 3733 magistratu
798 3650 972 3732 praeerant,
1002 3648 1138 3714 exitiosis
1161 3648 1402 3715 dissensionibus
1425 3669 1460 3714 ac

209 3764 369 3832 discordiis
391 3765 510 3849 agitati,
538 3765 617 3830 inter
640 3783 672 3830 se
695 3763 896 3844 dimicabant,
925 3765 956 3829 et
978 3761 1169 3830 Christianae
1196 3765 1366 3848 provincias
1390 3784 1457 3830 om·

209 3881 301 3949 nibus
323 3879 485 3965 praesidiis
507 3879 671 3945 destitutas
693 3881 819 3946 arbitrio
842 3879 978 3945 hostium
1000 3880 1228 3963 permittebant,
1251 3899 1326 3963 quas
1348 3879 1459 3945 idcirco

208 4015 289 4064 uuus
311 3997 467 4063 Romanus
490 3995 624 4079 pontifex
648 3997 773 4062 curabat
795 3995 930 4080 pecunia,
953 3995 1057 4073 armis,
1080 3994 1232 4060 militibus
1247 3995 1458 4061 communien-

209 4113 274 4180 das.
320 4111 385 4179 Hoc
408 4131 480 4178 sene
502 4113 627 4195 apparet
649 4130 684 4176 er
707 4112 844 4196 epistola,
875 4129 966 4195 quam
990 4108 1129 4176 Clemens
1157 4109 1195 4175 ad
1219 4110 1301 4176 viros
1324 4112 1460 4195 Europae

304 4381 627 4442 ¹)lioo.102,pa3.ltl.
679 4375 775 4448 ¹)Doc.
796 4383 854 4442 164,
872 4381 913 4430 iol.
933 4381 993 4429 215.
1044 4377 1459 4443 buce.176,ral.aaeetneq.

300 4476 322 4545 ⁴)
340 4481 395 4532 oea
417 4482 476 4539 rra,
493 4481 534 4529 ror.
554 4480 614 4530 aaa.
