3400 5088
794 381 839 393 ..
884 347 927 415 90
971 383 1017 396 ..
1133 324 1137 330 '

841 539 964 628 meas).

564 653 653 721 Anno
676 657 805 724 secundo
828 659 946 726 mdxrv.
992 661 1147 728 Februarii
1169 661 1242 727 xiiii.

278 762 457 832 Oratoribus
487 769 515 834 X
545 773 709 840 antonum
738 773 889 841 Heluetiis
918 777 948 842 et
977 777 1156 844 mamnibus
1185 777 1269 844 intus
1298 777 1452 844 annotatis
1474 795 1528 860 pro

825 893 986 961 Verulano.

875 1157 926 1223 63.

640 1319 728 1381 Duci
752 1326 787 1380 et
809 1324 948 1397 populo
971 1323 1161 1382 Genuensi.

364 1470 477 1537 Dilecti
499 1473 564 1539 lilii.
609 1475 692 1541 Dum
714 1479 796 1543 esset
822 1477 942 1544 loeutus
971 1477 1130 1543 nobiscum
1152 1475 1204 1541 dil.
1228 1475 1258 1540 fi.
1285 1473 1464 1540 Dominicus
1487 1472 1525 1538 de

275 1636 405 1654 .....
429 1588 535 1655 eadem
556 1610 633 1674 quae
654 1591 718 1658 iarn
740 1593 912 1660 rumoribus
941 1593 1112 1677 aliquorum
1134 1591 1173 1658 ad
1195 1609 1250 1656 nes
1273 1589 1393 1656 fuerant
1415 1588 1525 1665 delata,

273 1700 363 1788 atque
385 1705 419 1770 in
442 1724 579 1773 sermone
608 1709 796 1791 exposuisset
824 1709 999 1775 mirabilem
1028 1707 1182 1793 quandam
1204 1709 1235 1774 et
1257 1705 1428 1772 inauditam
1450 1723 1523 1769 cou-

273 1821 445 1888 sensionem
467 1822 565 1889 multo
585 1823 738 1890 maximae
759 1825 950 1909 optimusque
973 1823 1069 1908 partis
1085 1825 1255 1889 vestrorum
1277 1821 1390 1888 civium
1408 1819 1448 1886 ad
1471 1839 1521 1885 sa·

272 1936 368 2002 lutern
391 1937 482 2004 istius
509 1939 641 2023 inclytae
670 1939 805 2006 civitatis
836 1943 867 2006 et
898 1940 937 2006 ad
959 1939 1091 2006 formam
1120 1939 1255 2023 aliquam
1284 1956 1371 2003 verae
1393 1937 1425 2002 et
1447 1935 1523 2002 bene

272 2053 457 2136 temperabo
480 2055 662 2138 reipublicae
691 2056 935 2122 constituendam
965 2055 1112 2135 extitisse,
1141 2075 1194 2139 per
1217 2071 1309 2139 qnam
1339 2051 1522 2118 factionibus

271 2167 488 2254 discordiisque
511 2170 652 2238 civilibus
675 2172 838 2256 aliquando
860 2172 990 2238 liberata
1013 2190 1187 2256 recuperare
1201 2169 1365 2254 pristinam
1388 2164 1520 2233 anctori-

270 2285 419 2352 tetemet
442 2287 611 2370 potentiam
633 2289 751 2371 posset;
782 2307 855 2355 sane
885 2308 919 2354 eo
942 2290 977 2353 nt
1006 2288 1168 2353 debuimus
1198 2285 1393 2353 vehementer
1414 2280 1523 2348 laetati

271 2419 385 2478 snmus,
407 2403 525 2487 ipsique
540 2403 700 2470 Dominice
715 2405 864 2488 quantum
878 2424 914 2470 er
936 2425 972 2470 ea
987 2424 1019 2470 re
1034 2404 1073 2469 ad
1088 2423 1143 2470 nos
1166 2401 1335 2486 perveniret
1357 2397 1522 2482 voluptatis

269 2517 390 2599 propter
419 2521 557 2584 nostram
586 2521 763 2603 perpetuam
792 2522 824 2586 et
846 2521 1034 2604 singularem
1062 2519 1096 2584 in
1124 2518 1217 2584 istam
1247 2517 1404 2582 civitatem
1426 2514 1519 2579 bene·

270 2632 435 2700 volentiam
464 2635 654 2718 aperuimns;
683 2635 857 2720 hortatique
885 2635 1000 2702 brimus
1023 2637 1058 2700 ut
1086 2652 1162 2719 qnos
1185 2633 1276 2699 huius
1298 2629 1445 2716 praeclari
1468 2628 1518 2694 in·

270 2747 350 2832 cepti
372 2751 509 2817 auctores
538 2750 726 2835 intelligeret
754 2751 868 2817 nostris
891 2770 1007 2835 queque
1038 2738 1138 2816 v‘erbis
1162 2749 1201 2814 ad
1222 2749 1256 2814 id
1277 2746 1358 2833 qnod
1380 2743 1519 2830 aggressi

268 2865 388 2930 fuerant
410 2885 471 2932 nna
492 2885 562 2932 cnm
584 2865 711 2950 reliquis
732 2867 869 2932 eiusdem
883 2867 980 2932 animi
1002 2869 1092 2950 atque
1116 2865 1285 2930 sententiae
1306 2859 1518 2947 prestantissi-

269 2981 329 3046 mis
351 2981 469 3049 civibus
491 2983 530 3048 ad
546 2983 752 3050 desideratum
774 2984 889 3048 exitum
905 2982 1112 3048 deducendum
1128 2981 1329 3046 confirmaret.
1375 2975 1519 3058 Quicum

267 3096 382 3180 egisset
404 3098 492 3164 nobis
521 3099 559 3165 eb
581 3098 659 3164 hanc
689 3101 826 3165 nestram
856 3099 1044 3164 veluntatem
1066 3097 1192 3184 gratias,
1220 3095 1337 3162 institit
1365 3091 1519 3178 postulare

267 3215 299 3278 et
320 3213 435 3296 precari
466 3215 501 3280 nt
522 3213 628 3281 eadem
651 3214 688 3280 de
717 3233 749 3280 re
777 3214 851 3298 quid
872 3215 954 3280 esset
982 3215 1103 3279 nostrae
1132 3210 1322 3279 austeritatis
1345 3210 1376 3284 et
1398 3205 1519 3272 consilii

267 3328 305 3394 ad
320 3329 513 3396 nobilitatem
528 3332 559 3397 et
574 3331 763 3397 devotionem
787 3331 903 3397 vestras
927 3330 1055 3396 seribere
1075 3329 1231 3398 tenemus.
1277 3324 1363 3408 Quod
1387 3322 1515 3390 facimus

265 3445 409 3523 libenter;
432 3446 512 3512 nibil
534 3449 581 3512 est
604 3446 686 3513 eninr
709 3467 810 3513 rerum
833 3447 970 3513 omnium
993 3446 1025 3512 in
1048 3465 1107 3530 quo
1129 3445 1216 3512 nobis
1240 3441 1406 3508 studiosius
1427 3437 1516 3503 labo-

266 3561 395 3628 randum
426 3562 654 3642 existimemus,
685 3583 778 3646 quum
808 3563 989 3645 ubicumque
1021 3561 1141 3628 licitum
1170 3559 1258 3626 nobis
1290 3557 1331 3622 sit
1362 3571 1517 3620 conserere

266 3696 379 3760 pacem,
402 3678 509 3744 tollere
532 3678 723 3756 discordiam,
753 3679 785 3744 et
807 3678 961 3744 labentem
983 3677 1125 3742 exomni
1154 3677 1240 3760 parta
1262 3675 1383 3759 propter
1406 3669 1514 3736 hunus·

265 3792 348 3858 modi
370 3793 516 3859 laedones
539 3797 570 3860 ct
592 3794 673 3859 bella
695 3793 952 3860 christianitatem
975 3793 1086 3877 quibus
1103 3791 1244 3858 remediis
1266 3805 1429 3874 possumus
1452 3783 1514 3850 fnl-

265 3907 326 3973 cire
347 3909 379 3974 et
401 3909 558 3976 sustinere.
605 3907 704 3990 Quare
733 3910 790 3975 hue
811 3909 945 3993 primum
975 3907 1064 3974 nobis
1093 3907 1174 3993 apud
1196 3926 1250 3973 ves
1278 3900 1515 3990 expromendum

265 4025 313 4089 est
335 4026 436 4090 vestra
458 4025 519 4090 ista
541 4025 675 4108 cogitata
690 4027 780 4108 atque
802 4023 930 4091 consilia
952 4043 1028 4108 quae
1050 4023 1090 4088 ad
1112 4022 1263 4089 tollendas
1278 4042 1294 4088 e
1309 4020 1433 4086 civitate
1448 4015 1512 4080 dis·

265 4139 382 4206 condias
413 4159 563 4224 unamque
591 4140 679 4206 illam
702 4143 733 4208 et
757 4141 816 4206 sibi
838 4140 899 4224 ipsi
927 4139 1170 4205 consensientem
1193 4139 1283 4223 atque
1306 4137 1386 4204 inter
1408 4149 1513 4199 omnes

264 4257 365 4340 partos
388 4256 611 4340 conspirantem
635 4255 879 4323 constituendam
900 4255 1081 4339 pertineant,
1103 4254 1191 4321 nobis
1210 4253 1404 4321 vehementer
1424 4249 1514 4334 grata

185 4403 188 4412 ·
263 4372 295 4437 st
316 4370 447 4437 incunda
475 4371 636 4449 accidisse;
666 4391 870 4457 magnamque
899 4389 955 4437 nes
985 4369 1070 4436 vobis
1098 4369 1254 4455 impertire
1283 4368 1405 4434 laudern
1434 4364 1513 4449 qued

261 4485 424 4572 aliquando
447 4485 572 4554 tandem
601 4490 632 4554 et
654 4487 815 4572 prudentia
845 4485 1039 4571 bonitateque
1068 4488 1170 4552 vestre
1199 4488 1230 4552 et
1259 4483 1427 4551 multorum
1449 4481 1512 4546 mm
