3364 5102
786 372 1031 445 -346-

280 571 433 655 compotes
455 571 597 639 fieremus
620 574 767 658 quantam
797 575 876 641 certe
899 575 1002 659 optare
1031 593 1188 658 nunquam
1211 575 1278 641 ausi
1301 573 1473 656 fuissemus,
1498 577 1536 642 ut

279 688 339 756 etsi
353 689 471 755 caetera
484 688 721 756 innumerabilia
730 707 806 774 quae
815 690 995 757 clementiae
1011 709 1083 758 suae
1098 690 1276 759 deberemus
1285 692 1532 772 dissimulentun
1667 761 1668 782 ἶ

278 804 417 872 videatur
438 805 496 872 hoo
517 803 620 890 ipsum
643 806 823 874 beneficium
845 807 934 874 nullo
952 809 1123 894 gratiarum
1145 828 1255 894 genere
1277 809 1345 895 capi
1366 829 1463 895 posse.
1485 811 1532 879 Ex

278 941 337 1008 quo
359 925 464 991 tamen
487 924 564 989 satis
586 925 666 991 clare
688 923 909 1009 deprehensum
932 926 981 992 est
1002 927 1107 1010 quales
1130 926 1219 992 nobis
1234 926 1421 994 conditiones
1442 929 1531 994 tenta

279 1041 390 1107 coliata
411 1040 514 1126 gratia
535 1042 618 1108 Deus
640 1042 844 1126 praescribere
859 1042 944 1109 risus
967 1043 1019 1122 eit,
1040 1043 1072 1110 et
1093 1043 1150 1109 hoe
1165 1043 1297 1110 manime
1319 1045 1455 1130 temporo
1471 1065 1531 1131 quo

266 1158 341 1224 iam
362 1157 530 1225 christiana
552 1159 724 1244 respublica
746 1160 783 1227 do
807 1161 906 1226 salute
929 1179 984 1227 sua
1005 1159 1138 1245 undique
1162 1161 1293 1226 sollicita
1315 1162 1391 1242 erat,
1416 1162 1531 1247 partim

277 1276 327 1342 his
350 1275 492 1342 civilibus
515 1277 547 1342 ct
567 1276 724 1343 intestinis
747 1276 848 1358 bellis,
870 1278 976 1343 noeirs
999 1276 1122 1362 quidem
1147 1276 1195 1365 (nt
1209 1277 1275 1344 iure
1297 1277 1451 1346 affirmare
1474 1299 1531 1346 nos

277 1411 366 1477 posse
388 1391 554 1480 credimus)
585 1394 674 1479 culpa
696 1393 824 1460 minime
846 1393 1012 1474 suscitatis,
1036 1393 1183 1472 discreta,
1214 1396 1281 1461 tum
1304 1396 1343 1461 ab
1366 1395 1476 1463 extens
1499 1398 1532 1462 et

276 1509 457 1595 irreligiosis
472 1509 595 1591 offensa,
617 1512 685 1576 tum
700 1512 795 1578 edam
818 1512 916 1578 esuis
935 1530 996 1579 non
1011 1509 1203 1578 mediocriter
1226 1511 1287 1578 sibi
1308 1513 1430 1593 timens,
1453 1531 1529 1597 quo·

277 1645 346 1694 rum
361 1625 486 1712 quidam
501 1627 564 1693 iam
580 1645 650 1693 cum
666 1625 787 1694 Christo
802 1627 926 1713 litigare
941 1629 1111 1712 caeperrmt
1134 1627 1285 1714 fidemque
1299 1629 1400 1714 ipsam
1415 1628 1532 1698 Christi

275 1743 351 1828 proh
374 1741 467 1823 dolor,
489 1743 522 1811 in
545 1743 710 1811 discrimen
727 1763 839 1812 vocare.
869 1743 980 1810 Evenit
993 1744 1105 1829 itaque,
1128 1763 1166 1810 ne
1180 1745 1269 1829 plura
1284 1745 1430 1824 dicamus,
1449 1747 1530 1830 quod

275 1860 426 1945 optimum
448 1859 586 1926 omnium
608 1879 662 1945 pro
684 1861 875 1927 convenienti
897 1860 936 1926 ad
959 1861 1033 1926 haee
1055 1860 1187 1927 remedio
1210 1861 1422 1942 iudicabimus,
1445 1865 1481 1929 ut
1495 1863 1529 1930 in

273 1975 511 2060 primiscerium
528 1977 771 2044 coniunctionem
794 1979 885 2062 atque
899 1977 1155 2045 necessitudinem
1177 1995 1248 2044 cum
1265 1998 1288 2044 1.
1304 1999 1331 2044 v.
1347 1979 1529 2046 haberemus

274 2095 466 2179 caeterosque
489 2093 593 2177 quide
616 2093 783 2160 christiana
799 2093 945 2179 religione
969 2095 1044 2161 bene
1061 2093 1197 2160 sentiunt
1220 2113 1255 2160 ao
1278 2094 1314 2161 de
1330 2096 1439 2162 Italiae
1462 2098 1527 2162 sta-

274 2210 435 2277 bilimento
457 2210 490 2276 in
512 2229 608 2276 unum
630 2209 737 2275 faedus
769 2227 953 2289 vocaremus,
983 2209 1064 2294 qnod
1086 2210 1188 2293 ipsum
1217 2209 1323 2277 faedus
1346 2212 1529 2296 magnificus

274 2325 322 2392 Jo.
337 2325 589 2393 Bartholomaeus
613 2325 650 2391 de
666 2323 840 2392 Gattinaris
862 2327 964 2392 orator
985 2327 1089 2392 noster
1112 2325 1192 2410 apud
1215 2345 1281 2393 11.
1306 2327 1343 2393 de
1366 2327 1416 2393 his
1439 2329 1478 2394 ab
1494 2347 1530 2394 ea

274 2441 313 2508 ad
335 2461 391 2509 nos
406 2442 521 2508 missus
537 2443 778 2526 venerabilisque
793 2442 958 2508 Balthasar
974 2440 1189 2507 Castillioneus
1214 2461 1236 2508 s.
1253 2461 1279 2508 r.
1296 2443 1425 2510 nuncius
1440 2443 1530 2510 nobis

273 2557 481 2626 exhibuerunt.
505 2556 600 2638 Quod,
616 2556 735 2643 quando
751 2576 811 2623 non
827 2557 927 2623 solum
942 2557 1101 2640 utriusque
1116 2559 1285 2624 rationibus
1300 2560 1432 2626 maxime
1454 2579 1528 2626 oon-

274 2674 452 2740 sentanenm
468 2676 516 2740 est
531 2673 584 2741 sed
595 2673 762 2739 christiano
778 2673 896 2740 nomini
910 2673 1052 2758 inprimis
1064 2674 1196 2740 salutare
1212 2676 1301 2759 atque
1317 2678 1528 2760 opportunum,

272 2809 333 2857 non
356 2790 445 2859 modo
468 2808 486 2855 a
508 2791 596 2856 nobis
619 2791 782 2875 probatum
805 2793 853 2856 est
875 2789 1126 2876 convenientique
1149 2792 1184 2855 ut
1207 2791 1313 2856 eadem
1337 2810 1360 2856 s.
1377 2810 1403 2857 v.
1427 2791 1527 2858 ridere

269 2907 390 2992 poterit
413 2906 630 2973 ratihabitione
652 2905 818 2986 firmatum,
842 2906 895 2972 sed
918 2905 1104 2972 factumest
1126 2908 1162 2971 ut
1183 2907 1246 2972 iam
1269 2907 1398 2973 tirmiter
1420 2907 1526 2974 creda·

271 3043 340 3090 mns
363 3024 397 3090 ut
428 3041 516 3090 suum
539 3022 640 3107 ipsam
670 3022 836 3107 pristinum
859 3040 933 3107 erga
961 3041 1017 3088 nos
1047 3020 1186 3088 animum
1216 3023 1307 3106 atquo
1336 3023 1526 3090 amorem'in

126 3180 128 3186 r
270 3139 354 3205 omni
376 3135 498 3204 fortuha
521 3139 692 3217 retinuisse,
723 3156 857 3222 quaeque
880 3139 984 3204 tamen
1006 3138 1094 3222 plura
1116 3139 1270 3221 praestare
1301 3157 1362 3204 non
1385 3140 1525 3223 potuerit

270 3256 308 3321 ob
332 3273 383 3321 eas
413 3273 521 3321 causas
544 3254 580 3321 de
604 3255 714 3339 quibus
744 3254 902 3321 multoties
926 3254 965 3320 ad
995 3273 1051 3320 nos
1082 3253 1244 3338 scripserat
1267 3255 1298 3319 et
1319 3273 1400 3320 nunc
1432 3255 1525 3322 etiam

269 3370 380 3438 ultimo
403 3370 517 3437 scribit.
563 3370 689 3456 legatio
711 3371 809 3455 ipsius
832 3369 961 3437 Joannis
985 3369 1213 3437 Bartholomaei
1235 3370 1323 3436 nobis
1346 3371 1525 3472 gratissima

269 3488 336 3567 fuit
360 3487 393 3553 in
416 3505 507 3571 quem
522 3507 617 3572 quum
640 3487 762 3553 tantam
784 3505 871 3570 spem
893 3488 1012 3572 gereret
1035 3506 1058 3552 s.
1082 3505 1109 3551 v.
1132 3487 1280 3569 quantam
1303 3485 1437 3553 ostendit
1461 3488 1524 3553 suis

270 3601 392 3684 litteris,
416 3604 496 3670 certe
518 3621 615 3687 neque
644 3603 734 3668 illam
755 3601 866 3668 fefellit
889 3601 942 3668 sed
966 3621 1019 3667 suo
1042 3601 1136 3667 etiarn
1166 3599 1342 3667 testimonio
1369 3601 1469 3668 effecit
1490 3605 1525 3670 nt

268 3719 385 3804 optima
407 3737 541 3804 quaeque
564 3718 601 3786 de
618 3737 641 3784 s.
657 3739 684 3784 1.
701 3737 775 3803 erga
798 3737 853 3784 nos
877 3719 1034 3785 voluntate
1056 3717 1203 3783 libentius
1226 3715 1452 3785 crediderimus.
1484 3721 1524 3786 lit

268 3835 525 3920 quemadmodum
547 3835 580 3900 in
604 3834 795 3920 suscipiendo
818 3833 937 3900 saedere
967 3835 1081 3900 alacres
1105 3832 1219 3898 fuimus
1249 3833 1315 3899 tam
1338 3852 1394 3900 nos
1417 3853 1522 3919 spera-

268 3971 338 4017 mus
361 3952 536 4018 constantes
551 3951 585 4017 in
600 3969 634 4016 eo
650 3950 837 4017 observando
859 3950 995 4016 inveniet
1018 3968 1040 4015 s.
1058 3969 1084 4014 v.
1108 3949 1142 4014 in
1157 3948 1364 4032 servandaque
1379 3953 1523 4036 perpetue

268 4067 374 4134 nostra
389 4085 462 4151 erga
477 4087 545 4133 eam
561 4067 753 4133 observantia
769 4067 800 4132 et
815 4066 972 4132 charitate.
1003 4065 1104 4150 Atque
1118 4065 1238 4130 utinam
1255 4084 1307 4148 per
1322 4084 1391 4132 eam
1409 4085 1523 4152 nosque

267 4182 328 4248 ista
351 4183 436 4249 aetas
459 4184 565 4250 nostra
587 4201 648 4250 non
671 4183 771 4250 solum
794 4201 812 4247 a
834 4182 931 4248 tentis
954 4181 1045 4248 malis
1069 4182 1204 4264 respiret,
1233 4180 1287 4246 sed
1310 4181 1421 4248 habeat
1443 4183 1522 4266 quod

269 4298 306 4364 de
329 4300 456 4383 utroque
479 4299 616 4383 emplum
648 4301 738 4384 atque
760 4298 929 4382 gloriosum
951 4317 1005 4382 pro
1028 4295 1144 4362 Christi
1173 4296 1296 4362 nomine
1318 4298 1449 4380 posteris
1471 4317 1520 4364 re-

267 4414 396 4498 linquat
441 4413 571 4500 Reliqua
593 4415 631 4480 ab
661 4415 706 4481 ill.
730 4414 804 4481 duce
827 4412 955 4480 Suessae
984 4413 1065 4480 vices
1088 4413 1210 4478 nostras
1233 4413 1343 4497 egente
1368 4413 1475 4480 eadem
1498 4433 1521 4480 s.

266 4529 360 4596 latius
382 4531 544 4614 intelliget
566 4531 615 4595 cui
638 4530 730 4596 fidem
752 4529 910 4596 indubiam
933 4531 1044 4596 hebere
1060 4529 1238 4613 dignabitur
1262 4580 1268 4594 .
1291 4579 1300 4596 .
1323 4577 1332 4596 .
1355 4529 1399 4594 Ex
1414 4531 1519 4596 nostra
