3400 5088
755 257 999 321 -120-

251 463 336 511 amor
359 446 411 530 qui
434 467 468 513 er
491 449 553 514 tuis
576 450 718 532 plurimis
741 451 772 516 et
794 449 937 516 maximis
960 449 993 515 iu
1022 469 1076 515 nos
1099 450 1182 534 ipsos
1205 451 1237 515 et
1254 448 1399 516 Sanctam
1421 450 1500 516 hane

252 559 361 628 Sadem
391 563 500 630 officiis
531 565 614 631 intus
638 565 670 630 in
693 565 795 631 animo
824 567 928 632 nostro
951 566 1081 646 vivebat,
1111 585 1268 650 nunquam
1296 566 1419 632 omnino
1443 566 1501 632 fuit

253 679 301 744 vel
323 679 453 745 minima
476 701 511 747 ex
533 683 619 765 parte
642 681 836 748 diminutum.
860 679 952 748 unius
975 681 1072 748 animi
1094 684 1126 747 et
1140 682 1307 748 voluntatis
1329 683 1451 748 nostrae
1467 702 1501 748 ea

252 795 341 880 sigua
356 794 495 862 dedimus
512 817 588 882 quae
602 797 729 864 honeste
751 799 823 864 dare
844 797 940 877 licuit,
963 800 1064 864 contra
1082 797 1164 864 enim
1179 817 1292 878 eorum,
1315 798 1366 882 qui
1380 799 1501 864 nostras

252 912 385 977 actiones
410 913 533 979 sinistre
547 915 826 998 interpretabantur
841 913 1022 998 opinionem,
1046 914 1217 998 quievimus
1233 915 1271 979 ab
1294 914 1378 979 omni
1400 913 1501 978 studio

250 1028 385 1110 partium
408 1031 439 1095 et
460 1030 493 1095 in
516 1031 711 1097 neutralitate
740 1031 927 1107 mansimus;
958 1031 1037 1096 sicut
1058 1049 1107 1096 res
1137 1031 1205 1114 ipsa
1227 1032 1258 1096 et
1279 1029 1353 1096 belli
1375 1031 1500 1095 eventus

252 1144 381 1211 ultimus
404 1146 583 1224 declaravit,
606 1167 638 1214 re
654 1147 776 1232 quidem
800 1146 935 1214 melecta
958 1147 1158 1231 simulatque
1180 1147 1274 1212 libere
1297 1165 1365 1212 cum
1389 1145 1502 1212 honore

251 1262 283 1326 et
305 1259 406 1328 debito
421 1263 512 1329 huius
527 1283 672 1348 personae
695 1283 787 1348 quam
803 1263 947 1349 gerimus,
970 1281 1074 1346 capere
1089 1263 1252 1328 consilium
1273 1263 1363 1328 rebus
1378 1263 1501 1342 nostris,

251 1377 282 1442 et
305 1376 384 1461 quod
406 1379 602 1462 cupiebamus
618 1381 735 1447 efficere
756 1380 921 1463 potuimus,
944 1379 1077 1464 cogitare
1092 1379 1227 1462 cepimus
1250 1375 1427 1445 attractare
1442 1398 1501 1464 quo

251 1493 340 1559 modo
370 1495 428 1561 tibi
457 1495 577 1562 iamin
607 1498 787 1581 perpetuum
814 1516 876 1562 non
906 1497 1006 1561 solum
1034 1495 1157 1561 nomine
1187 1494 1419 1576 benivolentiae,
1450 1495 1503 1562 sed

252 1609 336 1675 omni
359 1611 479 1678 vinculo
502 1613 656 1679 societatis
680 1615 711 1679 et
732 1612 843 1679 federis
866 1612 1018 1678 coniuncti
1034 1630 1178 1678 essemus.
1224 1612 1331 1696 ltaque
1354 1611 1502 1678 adhibitis

250 1725 283 1791 iu
304 1727 384 1794 hanc
405 1729 618 1796 tractationem
641 1730 760 1796 dilectis
782 1729 856 1795 tiliis
872 1729 968 1795 nobili
989 1728 1054 1794 viro
1068 1727 1193 1813 hloysio
1215 1727 1252 1795 de
1268 1727 1405 1796 Corduba
1428 1729 1503 1795 duce

251 1840 379 1909 Suessae
403 1845 434 1909 et
448 1844 562 1910 Joauni
584 1847 615 1911 et
629 1847 844 1912 Bartholomeo
867 1843 904 1911 de
927 1843 1102 1910 Gattinaria
1125 1848 1215 1910 ser.tie
1238 1845 1307 1911 tuae
1323 1845 1501 1924 oratoribus,

251 1959 438 2025 conditiones
468 1960 579 2027 federis
609 1961 780 2028 institimus
810 1961 990 2040 examinare,
1020 1960 1162 2026 hortante
1190 1960 1285 2026 etiam
1314 1962 1345 2026 et
1366 1961 1503 2026 instante

252 2073 363 2140 dilecto
385 2075 449 2141 filio
464 2076 561 2142 nobili
583 2077 647 2144 viro
663 2076 770 2143 Oarolo
792 2076 829 2144 de
852 2078 882 2142 la
897 2076 967 2162 Noy
982 2076 1118 2160 ricarege
1132 2075 1345 2160 Neapohtano,
1367 2077 1398 2142 et
1413 2079 1504 2142 sor.lis

252 2191 323 2255 tuae
338 2189 371 2255 in
387 2191 479 2257 Italia
495 2193 651 2276 capitaneo
667 2193 811 2278 generali
850 2190 933 2272 Quas
948 2192 1042 2258 etiam
1057 2193 1122 2258 Deo
1137 2192 1299 2276 aspirante,
1315 2192 1367 2276 qui
1381 2193 1504 2258 nostrae

253 2305 387 2389 optimae
411 2308 562 2373 voluntati
584 2309 768 2394 suffragatus
791 2311 847 2390 est,
870 2307 918 2374 die
941 2309 1040 2393 prima
1062 2308 1153 2373 huius
1169 2307 1284 2374 mensis
1299 2306 1503 2373 conclusimus

253 2421 284 2486 et
307 2421 448 2504 stipulati
471 2444 585 2491 sumus.
632 2423 719 2506 Quod
741 2426 860 2510 quando
882 2425 941 2491 Dei
970 2424 1080 2509 optimi
1102 2425 1229 2490 maximi
1257 2422 1447 2508 providentia
1469 2423 1504 2488 ut

253 2538 429 2606 volebamus
452 2541 591 2608 effaetum
614 2543 676 2621 est,
699 2561 754 2608 nos
777 2542 814 2608 de
837 2544 907 2608 tuae
930 2541 1053 2626 quidem
1076 2543 1166 2606 sorae
1185 2559 1258 2625 erga
1273 2560 1328 2605 nos
1351 2539 1454 2606 animo
1472 2540 1504 2605 et

255 2655 411 2722 voluntate
442 2677 561 2742 sperare
591 2657 693 2724 omnia
722 2659 801 2725 bona
831 2677 1008 2743 possumus3
1038 2656 1075 2723 de
1098 2657 1203 2722 nostra
1232 2654 1356 2740 quidem
1379 2675 1451 2740 erga
1473 2657 1504 2720 te

253 2770 310 2835 hoo
333 2771 392 2838 tibi
413 2773 600 2858 pollicemur,
623 2794 679 2840 nos
702 2774 818 2859 optima
839 2774 907 2855 fide,
932 2773 1048 2840 sincera
1064 2773 1229 2851 voluntate,
1252 2771 1372 2838 ardenti
1395 2770 1503 2850 studio,

254 2886 357 2953 animo
388 2890 588 2974 sempiternae
611 2893 642 2957 et
664 2891 851 2957 inviolabilis
881 2889 979 2974 quoad
1009 2889 1073 2954 vita
1094 2889 1199 2954 nostra
1221 2887 1401 2972 producetur
1423 2886 1502 2952 ami-

253 3001 345 3070 citiae
365 3006 397 3071 et
420 3006 574 3073 societatis
597 3008 697 3073 houm
713 3004 933 3074 conservandae
956 3005 995 3072 ad
1016 3005 1074 3071 hoo
1095 3004 1200 3071 foedus
1223 3003 1401 3082 accessisse;
1424 3003 1503 3089 quod

254 3119 314 3185 etsi
337 3121 469 3206 scriptis,
492 3142 628 3206 assensu,
649 3123 859 3208 promissione,
884 3121 1103 3207 subscriptione
1118 3121 1213 3187 etiam
1235 3121 1339 3186 nostra
1354 3119 1503 3186 valiatam

254 3237 309 3314 est,
335 3237 448 3304 maiora
471 3239 575 3306 tamen
596 3239 628 3306 id
651 3239 849 3306 continebunt
870 3239 990 3304 vinculo
1013 3237 1127 3304 summi
1142 3236 1264 3317 amoris,
1286 3254 1379 3320 quam
1401 3236 1503 3301 cuius·

255 3351 302 3417 uis
325 3354 538 3439 obligationis:
562 3377 615 3442 spe
630 3356 712 3423 enim
727 3357 809 3423 certa
823 3357 970 3434 tenemur,
992 3355 1112 3420 tantam
1131 3353 1261 3438 gloriam
1276 3353 1307 3417 et
1321 3351 1503 3436 potestatem

255 3467 313 3534 tibi
336 3489 402 3538 esse
425 3491 443 3537 a
465 3473 529 3539 Deo
545 3473 676 3539 Domino
699 3472 841 3551 delatam,
864 3472 899 3536 ut
920 3491 974 3555 per
995 3471 1027 3536 te
1050 3469 1146 3535 serius
1169 3467 1292 3553 quidem
1313 3487 1405 3552 quam
1421 3467 1502 3533 chri-

256 3585 425 3653 stianitatis
448 3589 581 3672 pericula
603 3588 809 3673 postulabant,
839 3585 892 3652 sed
915 3584 1076 3670 aliquando
1098 3586 1203 3651 tamen
1226 3584 1411 3650 christianae
1433 3581 1504 3648 fidei

255 3695 349 3768 saluti
371 3705 586 3784 consuleretur,
616 3724 772 3789 quaeque
795 3702 885 3769 modo
908 3703 1044 3786 exposita
1066 3701 1109 3767 sit
1130 3701 1198 3766 tum
1226 3699 1426 3766 hereticorum
1450 3717 1502 3764 ve·

255 3819 343 3884 nonis
365 3821 396 3885 et
419 3821 627 3899 seditionibus,
651 3823 717 3886 tum
740 3818 1035 3886 immanissimorum
1057 3818 1088 3883 et
1110 3815 1367 3883 ferocissimorum
1388 3814 1503 3880 Turca-

255 3954 324 4000 rum
343 3937 438 4001 annis
460 3939 550 4022 atque
565 3937 695 4017 iniuriis,
717 3935 837 4002 lucilius
852 3934 953 4018 potest
967 3933 1142 3999 existimare
1157 3937 1252 3998 ser.tas
1267 3932 1427 4014 tuaquom
1449 3947 1504 3995 nos

256 4049 393 4116 scribere.
438 4051 481 4118 Te
503 4052 626 4137 quidem
648 4052 795 4119 incolumi
823 4069 858 4116 ae
881 4049 993 4115 victme
1025 4047 1207 4133 sperandum
1236 4065 1316 4112 nuno
1345 4046 1426 4111 certo
1448 4045 1504 4124 est

255 4164 371 4232 Christi
385 4167 511 4234 Domini
532 4189 643 4235 nomen
666 4171 697 4234 et
718 4167 882 4252 imperium
904 4185 965 4232 non
987 4163 1076 4231 modo
1098 4161 1318 4230 defendendum
1343 4161 1381 4228 ab
1398 4160 1505 4245 impiis

256 4283 287 4350 at
309 4282 452 4364 inimicis,
476 4283 529 4351 sed
551 4285 584 4350 in
607 4288 740 4352 veterem
755 4281 988 4368 amplitudinem
1012 4297 1078 4346 esse
1093 4277 1323 4346 restituendum.
1369 4275 1456 4358 Quod
1469 4278 1505 4344 ut

255 4398 282 4464 is
305 4398 364 4465 tibi
386 4399 537 4482 concedat,
561 4401 613 4487 qui
636 4401 774 4467 omniurn
795 4399 944 4465 bonorum
966 4397 1071 4463 auctor
1093 4396 1149 4475 est,
1172 4397 1263 4480 atque
1277 4395 1312 4459 ut
1334 4393 1422 4459 nobis
1444 4393 1506 4459 frui
