3366 5084
695 355 917 423 ..21-

180 567 249 614 rere
271 547 493 632 poenitentium
517 547 545 614 si
567 549 605 614 ab
628 549 685 615 hoc
708 550 819 615 scelere
841 548 958 616 absolvi
980 536 1188 633 postulabunt.
1239 548 1288 614 De
1308 548 1340 614 te
1362 566 1432 615 vero

180 665 211 729 et
233 663 270 730 de
292 664 441 749 episcopis
469 665 534 730 illis
563 663 638 730 haec
659 666 766 731 nostra
794 664 946 731 sententia
967 682 1049 730 nunc
1070 663 1194 748 quidem
1216 665 1272 742 est,
1301 665 1336 728 ut
1357 663 1430 729 illos

182 780 301 846 sivero
324 779 420 846 delati
449 783 522 847 sunt
543 782 696 847 fateamur
717 780 825 847 fecisse
853 781 887 846 id
909 780 989 866 quod
1010 799 1071 846 non
1093 780 1226 858 decebat
1255 781 1286 846 te
1308 797 1378 845 vero
1400 778 1434 844 id

181 894 262 979 quod
282 914 345 962 non
367 895 514 962 debuisti:
538 897 569 962 et
592 897 619 962 si
641 898 725 963 enim
746 897 923 980 quandoque
945 895 1084 961 homines
1100 895 1211 980 polluti
1226 897 1307 974 sunt
1330 912 1431 960 sacer·

182 1009 299 1076 dotium
321 1013 426 1077 tamen
449 1013 590 1078 sanctum
613 1012 675 1078 est:
702 1031 757 1077 nec
785 1013 821 1077 tu
842 1011 888 1077 ita
915 1012 1026 1077 liberes
1058 1011 1197 1076 animum
1225 1011 1314 1076 tuum
1343 1028 1431 1076 onere

181 1126 383 1193 conscientiae
405 1129 440 1192 ut
461 1129 492 1193 te
514 1127 594 1194 nihil
617 1129 670 1192 aut
692 1147 801 1212 parum
824 1127 1042 1194 commeruisse
1064 1127 1171 1210 culpae
1193 1126 1285 1192 dicas.
1330 1127 1431 1191 Immo

180 1241 227 1306 fili
255 1242 414 1308 carissime
445 1261 548 1309 coram
576 1243 641 1309 Deo
671 1262 802 1328 agnosce
823 1244 982 1327 peccatum
1013 1245 1102 1309 trum
1133 1245 1169 1307 ut
1190 1241 1433 1308 misericordiam

181 1358 382 1442 consequaris,
413 1377 515 1424 coram
545 1359 628 1425 enim
650 1360 704 1425 illo
732 1378 795 1425 non
823 1361 858 1424 tu
880 1359 943 1426 iem
972 1378 1024 1424 rer
1047 1359 1100 1424 sed
1122 1378 1227 1425 servus
1250 1377 1298 1424 es:
1326 1377 1431 1424 verum

180 1474 266 1539 tanto
289 1474 387 1540 maior
410 1475 500 1558 atque
523 1475 667 1541 excelsior
689 1495 748 1555 rer,
778 1476 892 1560 quanto
914 1475 1062 1541 humilior
1089 1476 1175 1541 illius
1206 1474 1320 1540 summi
1348 1475 1431 1559 regis

183 1608 303 1655 sersus:
326 1590 383 1656 hoc
406 1590 465 1656 tibi
486 1593 644 1675 peceatum
667 1593 738 1657 ante
759 1591 860 1658 Deum
888 1591 1047 1658 humiliter
1076 1591 1253 1676 agnoscenti
1281 1593 1313 1656 et
1334 1590 1431 1657 dictos

181 1705 337 1790 episcopos
359 1707 502 1774 contimo
524 1707 637 1773 missos
660 1709 691 1773 et
713 1707 825 1775 liberos
847 1708 980 1788 facienti,
1004 1707 1062 1772 soli
1076 1707 1234 1774 dumtaxat
1255 1707 1431 1776 misericor·

181 1820 264 1887 dism
288 1823 319 1888 et
341 1821 521 1889 beneficium
551 1824 733 1909 apostolicae
765 1824 966 1891 absolutionis
993 1824 1104 1890 harum
1134 1824 1304 1890 litterarum
1328 1823 1433 1908 vigore

180 1936 213 2002 in
234 1938 358 2003 nomine
379 1939 506 2004 Domini
528 1939 735 2006 concedimus:
766 1939 824 2005 hac
846 1940 1017 2006 conditione
1038 1940 1143 2006 tamen
1168 1940 1211 2019 ut,
1234 1939 1324 2006 dictis
1347 1939 1431 2022 epis-

180 2051 262 2136 copis
286 2053 409 2120 omnino
431 2054 578 2135 liberatis,
601 2054 665 2121 Deo
694 2056 726 2121 te
748 2057 779 2120 et
800 2055 894 2121 fidem
917 2056 1002 2121 tuam
1024 2054 1199 2140 obstringas
1220 2063 1378 2138 nunquam
1400 2055 1431 2119 te

179 2169 306 2252 posthac
327 2169 404 2236 talia
425 2171 678 2254 perpetraturum,
701 2189 737 2235 ac
751 2170 927 2254 inutraque
949 2170 1100 2237 dictorum
1114 2171 1323 2255 episcoporum
1345 2169 1429 2236 dioe-

180 2284 241 2350 cesi
262 2285 325 2350 tres
348 2287 379 2351 et
400 2287 463 2351 tres
486 2285 604 2370 puellas
627 2286 757 2366 nubiles,
780 2306 855 2371 quas
878 2287 998 2371 egestas
1027 2287 1155 2369 premat
1177 2287 1304 2352 castitas
1327 2287 1431 2352 autem

179 2400 377 2480 commendet
400 2401 511 2485 nuptui
532 2401 671 2467 adhibita
693 2402 763 2468 dote
784 2401 898 2482 tradas,
922 2402 1144 2486 salutaremque
1160 2401 1268 2468 deinde
1289 2402 1430 2486 peniten-

179 2631 362 2716 adimpleas
385 2633 496 2717 quibus
518 2633 742 2700 conditionibus
771 2653 825 2717 per
847 2635 878 2699 te
900 2634 987 2717 plene
1009 2633 1151 2717 perlectis
1180 2635 1270 2718 atque
1293 2633 1430 2713 servatis,

178 2748 278 2814 omnis
300 2748 445 2815 restituta
466 2743 527 2816 tibi
556 2749 653 2815 sitin
676 2749 861 2816 conscientia
890 2750 943 2816 tua
965 2769 1024 2834 par
1046 2748 1126 2832 apud
1148 2749 1249 2816 Deum
1277 2748 1378 2834 gratia
1401 2749 1432 2815 et

178 2863 393 2931 misericordia.
433 2862 501 2945 Sed
523 2866 559 2931 ut
581 2865 630 2931 est
651 2864 751 2931 nostri
772 2864 935 2949 pastoralis
958 2864 1052 2930 officii
1073 2864 1269 2949 precantibus
1290 2883 1352 2931 non
1373 2884 1429 2931 ne-

176 2997 250 3064 gare
271 2980 401 3062 usciam,
422 2981 469 3046 ita
490 2982 538 3047 est
560 2981 821 3066 indelinquentes
845 2979 988 3047 adbibere
1011 2981 1213 3060 severitatem,
1236 2999 1345 3066 eosque
1359 2999 1429 3064 pre-

178 3095 284 3162 sertim
307 3097 361 3180 qui
376 3097 539 3181 episcopali
554 3098 667 3164 honore
682 3097 802 3181 prediti
825 3117 900 3182 quos
917 3115 970 3162 suo
987 3096 1161 3162 sanctitatis
1176 3098 1312 3180 exemplo
1327 3116 1430 3181 regere

176 3212 303 3296 populos
326 3213 358 3277 et
380 3211 512 3298 dirigere
527 3212 639 3279 debent
659 3213 694 3278 in
708 3213 806 3279 vitam
820 3214 952 3292 beatam,
973 3213 1125 3296 pravitate
1140 3231 1262 3278 morum
1283 3213 1315 3278 et
1329 3211 1428 3296 turpi-

177 3325 284 3394 tudine
305 3328 387 3394 vitae
402 3327 555 3394 deducunt
578 3347 681 3394 secum
695 3325 735 3392 ad
757 3328 932 3394 interitum:
955 3328 1138 3412 quapropter
1153 3327 1228 3393 duos
1251 3327 1329 3392 istos
1344 3326 1428 3411 epis·

177 3459 267 3525 oopos
290 3461 366 3527 quos
388 3442 470 3527 apud
491 3461 547 3509 nos
562 3444 617 3508 tua
640 3443 788 3509 serenitas
809 3444 965 3509 tantorum
988 3443 1153 3508 criminum
1167 3443 1291 3509 nomine
1312 3443 1431 3524 detulit,

177 3557 267 3623 citari
296 3558 438 3625 iubemus
469 3576 523 3642 per
553 3559 700 3625 nuncium
732 3559 767 3625 in
799 3559 894 3626 sacris
924 3557 1083 3625 ordinibus
1113 3558 1315 3624 constitutum
1339 3578 1430 3643 quem

177 3672 242 3738 rim
272 3674 404 3740 crrrsoris
442 3674 602 3758 apostolici
629 3675 663 3741 in
693 3673 751 3740 hoc
781 3675 916 3740 obtinere
953 3674 1143 3740 decernimus
1173 3694 1264 3758 quem
1301 3674 1430 3741 dilectus

176 3787 260 3854 filius
281 3787 438 3855 mosterii
462 3841 469 3855 .
493 3841 500 3855 .
524 3841 531 3856 .
554 3840 562 3855 .
588 3790 660 3872 (sic)
678 3790 873 3874 provincialis
895 3789 1103 3874 Portugallioe
1125 3789 1253 3873 elegerit
1274 3792 1305 3856 et
1326 3790 1428 3856 nomi-

175 3903 303 3982 naverit,
325 3903 375 3970 cui
397 3924 487 3989 super
501 3905 558 3970 hoc
580 3905 807 3988 amplissimam
828 3907 1013 3990 potestatem
1027 3905 1137 3971 damus
1159 3907 1194 3971 rit
1217 3924 1319 3971 coram
1340 3907 1429 3972 nobis

175 4018 210 4084 in
232 4037 359 4085 romana
381 4019 464 4085 curia
494 4021 525 4086 et
553 4021 625 4086 ante
648 4038 698 4086 eos
720 4020 835 4087 iudices
858 4040 933 4106 quos
962 4040 1018 4087 nos
1039 4020 1104 4086 illis
1134 4020 1347 4105 deputabimus
1371 4023 1428 4088 sub

176 4135 357 4220 privationis
380 4137 412 4202 et
433 4135 568 4202 nominis
590 4137 622 4201 et
636 4136 760 4202 honoris
782 4136 963 4222 episcopalis
985 4155 1064 4221 pena
1079 4138 1289 4219 compareant;
1312 4137 1345 4203 in
1368 4156 1427 4221 quo

175 4250 373 4318 serenitatem
394 4251 481 4318 tuam
503 4269 564 4317 non
580 4253 681 4317 solum
698 4252 857 4318 hortamur
878 4253 912 4318 in
933 4251 1075 4330 Domino,
1099 4251 1153 4317 sed
1175 4252 1271 4320 etiam
1293 4252 1428 4319 studiose

173 4365 357 4450 requirimus
380 4367 415 4432 ut
446 4368 478 4432 et
506 4367 682 4432 accusatore
710 4367 742 4432 et
763 4367 896 4433 testibus
927 4368 973 4432 rei
994 4367 1122 4433 radiate
1153 4366 1313 4432 instructis
1336 4368 1367 4431 et
1389 4366 1428 4431 ad

174 4481 231 4546 hoc
260 4480 408 4546 iudicium
441 4481 545 4547 missis
579 4483 635 4546 hoc
658 4502 711 4565 per
733 4501 789 4548 nos
818 4481 945 4547 initium
973 4483 1040 4548 tam
1068 4483 1278 4565 corruptorum
1306 4499 1426 4547 morum
