3380 5088
250 1141 461 1237 BREVIA
491 1138 565 1236 AD
594 1139 908 1236 PRINCIPES
935 1137 1261 1234 clausuris
1287 1136 1383 1232 Vll.

769 1320 877 1381 1527.

787 1641 858 1708 187.

564 1807 847 1881 Archiopisoopo
871 1809 1056 1867 Toletano

281 1963 473 2031 Venerabilis
495 1961 596 2029 frater.
642 1963 686 2028 lix
709 1961 821 2028 litteris
843 1961 947 2028 nats·
974 1962 1044 2028 tuae
1067 1960 1273 2046 eognovimus,
1297 1979 1355 2045 quo
1377 1960 1446 2044 ipsa

192 2080 295 2148 animo
327 2097 399 2165 erga
427 2099 483 2145 nos
506 2080 537 2145 et
560 2079 698 2144 sanatam
728 2078 926 2162 apostolieum
956 2077 1059 2144 sedem
1083 2078 1132 2155 sit,
1155 2095 1306 2162 quamque
1328 2077 1372 2143 eis
1395 2077 1445 2142 in·

192 2197 359 2264 commodis
382 2215 458 2281 quae
481 2194 580 2261 eidem
603 2194 668 2261 sedi
690 2197 721 2260 et
743 2194 832 2261 nobis
856 2194 1062 2278 superioribus
1085 2193 1192 2260 diebus
1215 2193 1337 2260 inerunt
1358 2194 1447 2260 illata

192 2314 293 2380 doleat
307 2314 398 2397 atque
413 2313 553 2396 angatur,
576 2310 654 2395 quod
670 2311 803 2395 profecto
818 2311 907 2377 nobis
930 2308 1040 2376 aooidit
1056 2310 1310 2395 acceptissimum.
1334 2309 1446 2376 Videre

192 2429 275 2496 enim
298 2427 444 2495 onimium
466 2427 637 2511 praelatum
660 2425 795 2493 dolorem
825 2427 1079 2512 praeseferentem
1103 2427 1140 2492 de
1163 2427 1247 2492 omni
1271 2426 1446 2494 calamitate

192 2563 269 2630 quae
291 2543 409 2610 assidat
430 2543 573 2610 ecelesiae
588 2543 764 2627 nominique
780 2543 984 2609 ecclesiastiae
1007 2544 1037 2609 et
1059 2542 1157 2627 ipsius
1172 2543 1356 2627 probitatem
1378 2543 1444 2626 pie·

192 2663 347 2746 latamque
369 2659 556 2740 manifestat,
586 2659 617 2724 et
639 2659 775 2743 aliquam
799 2659 887 2725 affert
916 2659 956 2725 iis
980 2660 1032 2744 qui
1056 2659 1128 2725 eunt
1149 2659 1233 2743 passi
1262 2659 1445 2724 levationem

193 2777 366 2852 molestiae;
389 2775 448 2841 etsi
470 2773 548 2840 illud
570 2774 688 2840 faoinus
711 2775 842 2859 impium
864 2777 896 2841 et
919 2776 1003 2840 atrox
1026 2777 1057 2840 et
1080 2775 1157 2840 alias
1180 2775 1353 2842 inauditum
1375 2793 1444 2840 ma·

193 2895 288 2960 iorem
310 2911 435 2958 eausam
458 2890 580 2957 dolendi
602 2890 691 2958 affert
712 2891 752 2956 iis
775 2891 828 2976 qui
850 2893 1010 2974 patrarunt
1033 2910 1125 2975 quam
1148 2891 1212 2956 illis
1236 2891 1288 2978 qui
1310 2893 1444 2974 portule·

193 3009 272 3087 runt
295 3027 370 3093 quos
392 3008 487 3073 etiam
511 3007 538 3072 si
551 3007 711 3074 hominum
734 3025 847 3091 poenae
862 3007 1009 3085 deessent
1034 3025 1088 3072 sua
1110 3009 1246 3091 ipsorum
1262 3007 1446 3072 conscientia
1482 3063 1484 3068 .

195 3145 284 3191 suum
307 3124 404 3190 scelus
436 3122 581 3188 sollicitat
603 3124 638 3188 ut
660 3142 757 3208 neque
780 3124 860 3208 apud
883 3124 984 3190 Deum
1015 3143 1110 3210 neque
1134 3125 1204 3190 ante
1225 3123 1363 3189 iustitiae
1386 3124 1444 3188 tri·

194 3241 288 3308 bunal
302 3241 421 3324 possint
438 3240 499 3305 ullo
520 3239 609 3324 paolo
625 3241 797 3320 consistere.
844 3238 931 3320 Quod
947 3239 1069 3324 quidem
1085 3240 1289 3306 noluissemus
1312 3239 1446 3306 assidere

194 3358 288 3424 etiam
310 3356 433 3423 honoris
457 3359 546 3422 ser.mi
568 3353 706 3422 Caesaris
729 3375 828 3436 eausa,
852 3355 900 3422 eui
922 3375 978 3422 nos
1001 3376 1036 3421 eu
1052 3356 1154 3422 animo
1178 3357 1259 3422 oerte
1282 3374 1402 3440 sempor
1416 3358 1447 3421 et

195 3474 234 3538 ab
256 3472 376 3538 intimis
400 3472 541 3538 sensibus
562 3471 596 3538 in
619 3472 703 3538 omni
725 3472 854 3538 honesta
877 3472 994 3538 aetiono
1017 3473 1048 3537 et
1070 3472 1168 3556 gloria
1183 3471 1324 3552 favimus,
1347 3492 1366 3537 a
1388 3490 1446 3556 quo

196 3589 223 3655 si
246 3590 347 3673 pelam
372 3587 534 3653 dissentire
557 3587 616 3653 visi
639 3606 753 3666 sumus,
783 3607 844 3654 non
867 3588 944 3654 illud
973 3589 1108 3671 privatae
1137 3587 1305 3655 disoordiae
1334 3587 1447 3667 odium,

199 3703 251 3772 sod
274 3703 412 3788 publioae
429 3702 608 3786 suspitionis
631 3703 690 3768 fuit
712 3703 883 3769 dissidium.
914 3701 980 3783 Quo
1002 3703 1097 3770 etiam
1113 3704 1279 3771 studiosius
1301 3706 1334 3770 et
1348 3705 1447 3769 aorius

198 3820 237 3887 ad
251 3839 358 3906 paoem
372 3818 587 3898 incumbimus,
606 3839 770 3904 sumusque
786 3819 920 3905 quotidie
935 3820 969 3886 in
983 3837 1019 3886 ea
1035 3819 1194 3886 tractanda
1209 3819 1337 3897 assidui3
1356 3821 1447 3904 atque

195 3935 315 4002 utinam
337 3953 396 4002 eae.
412 3934 499 4000 nobis
522 3936 759 4019 proponerentur
774 3933 961 4001 conditiones
985 3953 1060 4019 quas
1083 3935 1173 4003 faoile
1195 3938 1227 4002 et
1248 3935 1379 4002 libenter
1394 3955 1447 4002 ao·

195 4051 293 4137 cipere
321 4068 495 4135 possemus3
527 4050 649 4117 dabitur
678 4054 781 4117 tamen
811 4069 909 4136 opera,
939 4053 1088 4134 quantum
1116 4071 1170 4135 per
1198 4071 1253 4117 nos
1278 4051 1447 4136 inspirante

195 4167 328 4234 Domino
350 4165 417 4231 fieri
437 4166 559 4250 poterit,
581 4168 616 4232 ul
638 4185 691 4252 por
713 4186 818 4233 omnes
841 4167 946 4233 faoiles
970 4167 1170 4252 diffieilesque
1193 4168 1258 4234 uias
1281 4167 1320 4233 ad
1342 4187 1447 4253 paoem

195 4283 395 4368 perveniatur.
441 4279 497 4347 Cui
511 4284 615 4349 nostro
639 4281 740 4348 studio
754 4301 815 4349 non
838 4283 1021 4350 mediocrem
1044 4282 1315 4349 etiamstimulum
1331 4283 1449 4350 eddidit

196 4400 300 4465 fratli·
318 4399 389 4464 tuae
403 4396 567 4464 obtestatio
589 4399 620 4465 et
642 4397 816 4476 auotoritas,
839 4417 932 4483 quam
947 4397 1084 4465 vicissim
1106 4399 1264 4465 hortamur
1285 4399 1321 4464 ut
1342 4398 1448 4466 amem

197 4533 286 4600 opera
308 4513 355 4580 uti
371 4513 445 4580 volit
467 4513 506 4580 ad
528 4515 629 4598 ipsum
645 4512 807 4580 Gaesarem
828 4513 1012 4584 hortandum
1028 4515 1064 4580 ut
1078 4514 1125 4582 det
1145 4533 1178 4582 se
1200 4515 1238 4580 ad
1254 4514 1448 4599 aequitatem,
