3400 5088
766 302 1012 372 ..144-

260 511 351 562 oense
380 494 524 576 fodiendi,
556 497 693 564 nostrum
716 497 854 583 quidem;
884 517 961 583 quae
982 499 1105 565 nostres
1132 496 1233 564 adhud
1264 497 1427 582 potestatis
1456 500 1512 578 est

261 612 475 680 auotoritetem
489 611 726 679 benivolentium
743 612 880 680 studium
902 613 941 679 ed
956 615 1010 680 tua
1031 615 1135 680 omnis
1149 614 1308 680 commode
1326 615 1512 699 pollicemur.

261 729 307 796 Ao
328 729 477 796 vellemus
499 731 531 796 et
560 729 664 794 nostro
686 730 719 794 et
740 731 794 794 tus
815 731 847 796 et
870 733 959 794 sor.mi
985 730 1091 796 fratris
1114 729 1161 795 tui
1183 749 1282 808 seusu,
1311 730 1434 815 tempus
1456 730 1513 795 hoo

261 845 372 911 astutis
393 845 515 910 nostroe
538 843 648 910 melius
663 863 730 910 esse
744 844 954 929 tranquillum,
976 845 1012 910 ut
1033 845 1289 929 quomadmodum
1304 845 1408 913 eodem
1430 848 1512 912 tem·

260 980 332 1044 pore
348 979 366 1025 a
382 977 502 1026 summo
517 961 548 1026 et
563 960 771 1044 omnipotente
785 960 849 1026 Deo
868 960 1083 1044 gubernationi
1097 961 1195 1044 ipsius
1211 961 1390 1046 populorum
1407 979 1512 1027 sumus

262 1076 395 1160 profecti,
420 1077 465 1142 sio
479 1075 547 1160 puri
561 1077 592 1142 st
607 1077 766 1142 ooniunoto
789 1076 893 1141 animo
907 1077 997 1159 etque
1020 1095 1122 1142 amore
1137 1095 1249 1142 munus
1265 1079 1404 1145 nostrum
1425 1097 1511 1144 exsr-

262 1209 407 1268 oeremus
430 1190 484 1256 sed
506 1192 610 1258 unio
631 1191 772 1257 insidunt
793 1190 927 1276 quotidie
946 1193 1153 1275 tempestates,
1176 1194 1212 1258 ut
1232 1211 1308 1276 pens
1331 1214 1347 1260 e
1370 1194 1513 1260 munibus

262 1307 376 1374 nostris
398 1306 503 1374 olnms
526 1306 710 1384 exoutiutun
732 1306 766 1373 in
780 1307 878 1373 tantm
900 1308 1006 1372 temen
1020 1307 1163 1374 fluetibus
1179 1306 1282 1374 divino
1304 1308 1417 1376 auxilio
1439 1327 1512 1375 oon-

262 1421 355 1490 fidere
377 1422 538 1500 debemus3
567 1421 635 1507 ipss
656 1421 740 1490 enim
762 1423 846 1490 Deus
869 1424 901 1490 et
921 1425 1041 1494 mentes
1063 1423 1159 1490 bones
1181 1424 1321 1509 inspiret,
1350 1427 1382 1492 et
1402 1425 1437 1492 in
1459 1443 1514 1491 sue

262 1557 354 1608 ouuss
375 1539 549 1608 laborantes
572 1557 634 1606 nou
654 1537 782 1615 deserit;
812 1539 924 1624 quanto
947 1539 1050 1605 eutem
1073 1540 1160 1605 labor
1188 1539 1287 1606 maior
1308 1543 1377 1606 tuae
1407 1540 1515 1606 virtuti

262 1655 435 1740 propositus
457 1655 513 1734 est,
536 1656 622 1721 tuuto
652 1654 711 1723 erit
739 1655 864 1721 virtutis
885 1655 954 1721 laus
976 1655 1141 1722 illustrior:
1172 1655 1225 1721 sed
1248 1674 1304 1722 nos
1326 1675 1422 1741 neque
1445 1675 1512 1722 mo·

261 1791 369 1840 nemus
391 1790 487 1857 usque
509 1771 668 1839 hortemur
689 1773 806 1839 nob.tem
828 1772 930 1847 tunm3
953 1789 1014 1838 non
1035 1771 1119 1839 enim
1141 1771 1197 1838 illn
1219 1772 1346 1839 oonsilio
1368 1791 1424 1840 neo
1438 1791 1512 1840 oon-

262 1888 433 1956 firmetious
460 1887 594 1973 indigem
623 1886 703 1954 illud
730 1887 833 1971 potius
857 1887 1067 1972 significemus
1096 1888 1129 1956 in
1151 1889 1249 1956 tentis
1278 1889 1511 1956 diffioultetibus

262 2003 400 2072 omnium
422 2022 524 2071 rerum
545 2004 657 2088 quibus
678 2004 854 2089 premimur,
884 2003 964 2070 huno
985 2005 1124 2070 nostrum
1146 2022 1213 2071 esse
1235 2005 1401 2072 maximum
1425 2006 1512 2072 solli-

262 2121 429 2188 citudiuem
451 2120 532 2206 quod
552 2121 587 2186 tu
616 2119 742 2204 indigns
763 2119 906 2186 molestie
928 2119 1067 2200 afficeris,
1097 2139 1151 2204 sps
1172 2122 1277 2189 umen
1306 2122 1514 2188 sustentemur

262 2237 380 2304 nubum
402 2239 467 2302 tum
490 2235 648 2302 difficilem
670 2255 738 2302 esse
760 2253 931 2319 remquam
955 2253 1017 2302 non
1031 2237 1085 2302 tua
1107 2237 1268 2320 pmdsntin
1290 2239 1322 2302 et
1336 2238 1513 2302 humanitus

261 2372 333 2420 oum
353 2352 468 2437 optimo
491 2350 574 2418 exitu
595 2351 782 2435 explionturo
804 2369 872 2418 esse
885 2350 1032 2418 videntur.
1077 2351 1142 2419 Nos
1164 2354 1201 2420 ut
1214 2352 1348 2420 diximus
1369 2353 1514 2438 quioquid

261 2485 351 2552 opere
373 2469 404 2535 et
426 2468 605 2535 auctoritate
627 2486 799 2553 possumus,
822 2467 963 2534 omuibus
978 2467 1042 2534 tuis
1064 2469 1154 2536 rebus
1177 2470 1209 2534 et
1229 2467 1397 2536 oommodis
1419 2469 1512 2554 polli-

261 2603 371 2650 osmur.
417 2581 505 2663 Quod
532 2583 627 2652 etiam
657 2583 871 2650 mmorvimus
901 2582 953 2649 dil
977 2583 1013 2651 ir.
1038 2569 1222 2670 Hieronumo
1245 2584 1372 2652 Borsrio
1401 2585 1511 2652 nunoio

261 2701 364 2766 nostro
387 2701 422 2764 ut
444 2718 514 2764 oum
536 2700 631 2766 nobe
651 2703 705 2766 tun
719 2699 964 2779 eommunionrst,
980 2699 1029 2766 oui
1043 2699 1099 2766 illu
1120 2700 1213 2768 fidem
1228 2701 1362 2768 iubebit
1394 2701 1510 2768 Delum

261 2815 376 2882 Romae
399 2817 454 2882 ete.
477 2815 528 2880 die
548 2816 605 2882 riu
629 2815 706 2882 Muli
728 2815 846 2884 mdxxr.
891 2817 981 2882 nmo
1004 2814 1142 2884 seeundo.

856 3075 928 3142 106.

658 3239 835 3301 Dominae
857 3241 1127 3314 nngolrsmenss.

353 3395 473 3464 Dileote
488 3395 521 3460 in
536 3393 658 3460 Christo
672 3395 738 3460 filie
752 3397 807 3462 ete.
854 3394 1003 3480 Magnum
1018 3397 1107 3462 nobis
1123 3396 1247 3480 signum
1268 3398 1339 3462 tuse
1353 3399 1514 3480 perpetuos

265 3512 432 3597 supientiae
441 3530 476 3578 uo
489 3511 523 3576 in
538 3529 694 3578 summum
703 3511 804 3576 Deum
813 3511 979 3596 roligionis,
990 3511 1056 3577 sine
1070 3531 1130 3596 que
1144 3512 1250 3578 temon
1265 3512 1415 3595 sapientie
1429 3513 1515 3578 nullu

264 3631 320 3709 est,
334 3629 455 3694 littoreo
469 3629 540 3694 tuse
555 3627 732 3705 nttumrunt,
747 3645 824 3710 quse
838 3645 943 3692 ouium
956 3627 1209 3711 vigilantiamque
1223 3627 1415 3694 declararunt
1430 3631 1516 3696 tuem

264 3761 357 3828 quum
379 3743 473 3810 hebes
495 3761 533 3808 uo
555 3743 706 3826 inclytum
726 3741 812 3809 istud
826 3761 955 3826 regnum
977 3743 1046 3809 labe
1062 3743 1235 3808 Lutherene
1257 3743 1418 3824 inficiatum,
1440 3762 1514 3810 oon·

265 3859 400 3944 fusisque
422 3859 580 3925 ordinibus
602 3857 744 3924 omnibus
766 3859 798 3923 et
820 3859 905 3924 omni
929 3859 1008 3924 vitoe
1030 3859 1135 3943 regule
1159 3859 1289 3938 sublate,
1312 3878 1382 3926 oum
1404 3859 1464 3926 Dei
1484 3863 1517 3926 et

264 3975 449 4040 christianes
470 3973 543 4042 fidei
556 3974 741 4058 contemptu,
765 3991 887 4040 summe
900 3974 973 4040 imis
988 3974 1181 4040 misosnutur.
1227 3972 1310 4054 Ques
1325 3993 1381 4042 nos
1395 3975 1516 4041 littores

265 4110 336 4158 oum
366 4090 588 4176 amenissomus
617 4091 709 4174 atque
738 4108 791 4158 ess
814 4090 848 4156 iu
870 4108 956 4157 seoro
977 4089 1158 4158 oonsistorio
1185 4092 1290 4158 nostro
1319 4091 1517 4158 iussissemus

265 4206 396 4286 redituri,
418 4206 485 4272 riso
514 4207 563 4272 est
584 4223 649 4272 ven.
672 4204 819 4272 mnibus
840 4206 953 4272 nostris
975 4208 1045 4272 tues
1067 4206 1169 4272 nob.tis
1196 4225 1282 4274 meus
1310 4207 1404 4292 dignu
1432 4207 1518 4274 omni

265 4321 355 4391 nude
376 4341 452 4402 esse,
476 4340 531 4388 nso
553 4321 715 4407 quicquum
730 4320 904 4387 dubitatum
926 4320 1000 4406 quin
1022 4339 1073 4388 eos
1088 4322 1228 4390 homines
1243 4341 1318 4408 quos
1333 4323 1517 4390 Perisiensis

265 4436 429 4504 eonsilium
451 4437 598 4522 tunquam
612 4437 700 4520 apios
724 4435 904 4520 idoneosque
927 4436 1062 4522 legions,
1085 4455 1141 4504 uos
1155 4456 1273 4524 quoque
1295 4437 1332 4507 de
1353 4437 1517 4508 eorundem
