3396 5090
770 333 1016 400 -166-

265 529 423 593 obtentum
452 529 515 605 est3
545 549 616 594 nam
640 531 670 594 et
692 530 775 613 pacis
804 529 968 595 iucundum
998 548 1117 609 nomen,
1147 531 1178 596 et
1199 528 1331 595 conditio
1360 526 1446 612 regni
1468 525 1516 591 tui

265 643 423 723 eiusmodi,
446 646 481 711 61
504 645 562 712 tibi
585 645 672 711 finire
694 646 809 712 bellum
833 666 902 713 cum
924 647 979 713 illo
1002 646 1106 713 ordine
1128 645 1295 730 expediret,
1324 646 1355 710 et
1377 646 1514 726 tempora

265 760 335 825 61116
357 761 449 828 hellis
472 763 503 829 61
525 763 667 846 periculis
689 764 873 840 turbulente,
910 765 941 829 61
963 783 1018 830 666
1042 783 1160 848 semper
1182 762 1265 847 pacis
1288 760 1346 827 tibi
1368 779 1438 826 cum
1459 758 1514 824 1116

266 875 372 944 ordine
396 880 533 945 auctores
549 879 672 958 luimus,
695 881 788 963 tuque
812 899 864 964 per
886 878 1060 946 huiusmodi
1082 899 1187 963 pacem
1209 879 1300 962 atque
1315 875 1513 952 concordiam,

265 993 304 1057 ad
327 993 375 1059 ius
399 995 665 1060 etauctoritatem
687 997 773 1062 tuam
796 996 906 1061 melius
921 995 1094 1079 pervenisti.
1139 993 1252 1060 Gravia
1274 993 1337 1059 ista
1358 991 1461 1058 omnia
1483 995 1514 1057 et

266 1110 348 1174 dictu
372 1109 507 1192 speciosa
530 1113 616 1187 sunt3
639 1130 733 1197 eaque
756 1131 774 1176 a
796 1112 884 1178 nobis
900 1112 1103 1178 libentissime
1124 1111 1331 1196 probarentur,
1355 1108 1424 1174 siis
1442 1127 1512 1173 cum

264 1243 322 1309 quo
345 1226 404 1292 tibi
418 1227 527 1310 positis
542 1226 714 1294 inimicitiis
729 1248 786 1312 pax
803 1231 941 1314 suscepta
964 1231 1020 1307 est,
1044 1229 1071 1294 si
1085 1247 1156 1294 vera
1179 1227 1215 1293 16
1230 1246 1264 1293 66
1288 1227 1326 1292 61
1342 1245 1396 1292 nos
1419 1225 1512 1290 allata

266 1343 345 1422 sunt,
369 1341 497 1427 dignum
522 1364 554 1410 66
576 1345 630 1410 166
652 1345 713 1411 1616
735 1348 766 1412 61
781 1345 989 1412 munificentia
1011 1347 1043 1411 61
1065 1343 1297 1410 mansuetudine
1315 1340 1512 1426 praebuisset

263 1458 354 1524 Nunc
376 1458 450 1543 quid
472 1457 635 1527 debeamus
658 1460 695 1527 16
718 1479 752 1527 66
774 1461 949 1527 existimare
972 1463 1025 1526 aut
1049 1460 1186 1538 scribere,
1209 1458 1359 1525 incertum
1382 1458 1437 1523 est.
1470 1455 1513 1524 Ut

264 1575 345 1641 enim
369 1575 472 1642 omnia
488 1597 505 1642 6
520 1577 574 1642 tua
589 1579 674 1661 parte
689 1578 778 1660 plena
800 1578 911 1661 optimi
933 1576 1029 1643 animi
1044 1577 1075 1642 et
1098 1575 1294 1642 sanctissima
1316 1574 1418 1640 mente
1433 1572 1513 1638 facts

263 1691 482 1772 existimemus,
505 1693 584 1758 61661
606 1695 686 1759 certe
701 1693 922 1772 existimamus,
937 1713 992 1759 nec
1007 1692 1096 1758 aliter·
1111 1690 1148 1757 de
1163 1693 1248 1758 16616
1271 1692 1302 1756 61
1317 1692 1383 1755 tam
1398 1686 1513 1754 Christi

263 1809 385 1874 amante
408 1827 478 1893 rege
509 1809 620 1875 sentire
643 1811 768 1888 661166,
792 1830 852 1875 non
874 1828 1036 1892 possumus
1065 1827 1100 1874 er
1123 1809 1220 1874 altera
1242 1806 1315 1892 quid
1345 1805 1512 1872 sentiamus

263 1924 427 1991 decernere.
473 1924 554 1990 Illud
583 1925 706 2009 quidem
736 1925 881 1992 maiorem
914 1925 947 1990 in
976 1924 1100 1990 modum
1125 1943 1166 1990 ex
1196 1923 1258 1990 tuis
1288 1923 1386 1989 literis
1414 1920 1513 2006 gavisi

263 2061 378 2116 sumus,
402 2040 481 2124 quod
504 2040 652 2107 serenitas
675 2042 729 2106 tua
744 2041 878 2108 ostendit
902 2061 934 2107 66
956 2059 1077 2106 omnem
1092 2039 1234 2106 daturam
1249 2057 1380 2122 operam,
1404 2038 1434 2104 61
1449 2038 1511 2102 1616

263 2155 334 2222 1616
357 2157 481 2240 cepisse,
512 2157 546 2221 ut
569 2155 684 2221 Christi
713 2157 788 2222 11166
819 2159 908 2241 atque
931 2157 1048 2241 religio,
1078 2154 1197 2221 inillis
1220 2155 1363 2221 Pmssiae
1392 2153 1512 2238 populis

263 2272 449 2337 restituatur.
496 2269 582 2352 Quod
605 2271 696 2337 telili
718 2273 876 2339 serissime
891 2275 1003 2356 quanto
1026 2290 1188 2356 possumus
1204 2269 1304 2337 studio
1323 2271 1512 2336 obtestamur

262 2406 315 2470 per
337 2385 453 2452 viscera
475 2387 700 2454 misericordiae
715 2389 774 2454 Dei
795 2389 901 2467 nostri,
923 2389 959 2453 ut
981 2388 1036 2453 hoc
1052 2405 1169 2472 quoque
1191 2387 1423 2454 monumentum
1446 2384 1511 2469 pie·

262 2502 336 2566 tatis
359 2503 391 2568 61
413 2502 560 2568 bonitatis
583 2505 654 2570 tuas
676 2503 715 2569 ad
738 2504 853 2588 reliqua
876 2504 957 2570 iacta
971 2503 1125 2587 praeclara
1148 2505 1179 2569 et
1201 2501 1300 2580 sortia,
1323 2521 1399 2586 quae
1421 2501 1508 2568 ante·

262 2617 320 2682 hac
348 2617 457 2698 fecisti,
487 2617 645 2704 adiungas.
691 2619 818 2686 Miseret
846 2639 901 2686 nos
924 2620 1047 2687 illorum
1076 2619 1257 2685 miserorum
1280 2619 1311 2684 et
1340 2617 1510 2684 infortuna-

262 2736 362 2800 torum
386 2735 580 2812 calamitatis,
611 2735 745 2819 quinon
775 2735 912 2802 fortunas
935 2754 1014 2814 suas,
1046 2735 1099 2800 sed
1129 2753 1161 2800 se
1183 2732 1330 2818 metipsos
1359 2733 1510 2818 perditum

263 2851 346 2929 eunt,
371 2850 445 2916 dum
467 2851 574 2918 volunt
595 2851 697 2934 prauis
728 2852 893 2918 rectoribus
916 2852 948 2918 61
969 2850 1170 2917 monitoribus
1202 2849 1266 2916 suis
1295 2851 1511 2934 obtemperare,

264 2965 296 3031 in
320 2965 429 3050 quibus
454 2967 480 3031 si
503 2969 537 3033 tu
553 2965 753 3034 hereditatem
776 2967 925 3033 maiorum
949 2968 1078 3044 tuorum,
1102 2967 1137 3032 ut
1152 2965 1269 3044 scribis,
1292 2965 1456 3050 repetiisti,
1479 2963 1512 3029 in

264 3081 410 3148 memoria
425 3083 539 3148 habeas
554 3102 719 3166 precamur,
742 3083 942 3150 hereditatem
958 3101 1074 3166 quoque
1090 3082 1215 3149 Domini
1229 3082 1288 3148 Dei
1310 3083 1343 3148 in
1365 3080 1430 3146 illis
1445 3099 1511 3146 esse

265 3197 452 3264 servandam
499 3198 591 3264 thius
614 3199 737 3282 quidem
751 3199 810 3265 Dei
831 3202 862 3265 61
885 3218 940 3264 666
963 3200 994 3265 61
1015 3199 1072 3277 illi,
1094 3200 1126 3264 61
1148 3203 1244 3264 serit·
1266 3200 1327 3277 tua
1350 3197 1434 3263 iusta
1454 3197 1510 3262 he·

264 3313 378 3378 reditas
402 3333 516 3380 sumus.
562 3313 636 3390 Nos,
659 3315 721 3381 nisi
742 3316 862 3398 paterni
883 3315 1007 3380 allectus
1030 3315 1131 3382 dolore
1161 3333 1425 3392 commoreremur,
1455 3312 1512 3378 hac

264 3429 353 3494 facile
378 3449 536 3514 possemus
559 3449 630 3496 cura
652 3432 684 3496 61
706 3431 910 3498 6611161161166
939 3431 1036 3497 animi
1064 3429 1272 3515 supersedere;
1303 3429 1356 3495 scd
1378 3446 1433 3513 pro
1455 3447 1510 3512 pa·

266 3545 358 3611 eteris
381 3547 412 3612 et
427 3546 523 3630 patris
539 3547 697 3612 dumtaxat
712 3547 819 3624 officio,
842 3546 993 3612 afficimur
1016 3549 1062 3613 tot
1077 3547 1262 3630 simplicium
1285 3548 1317 3613 61
1331 3546 1511 3611 miserorum

265 3660 358 3727 661611
381 3680 509 3746 quorum
532 3663 562 3728 te
585 3681 701 3747 quoque
725 3665 759 3728 ut
787 3663 994 3730 misericordia
1023 3662 1123 3747 capiat
1152 3661 1361 3746 deprecamur3
1392 3658 1510 3746 quaudo

264 3796 367 3844 eorum
386 3797 457 3843 eura
472 3780 503 3843 61
518 3778 656 3845 66616116
677 3798 731 3863 pro
745 3781 815 3846 tuae
838 3779 1060 3864 superioritatis
1082 3779 1155 3856 iure,
1179 3778 1345 3862 sapientiae
1363 3777 1458 3844 etiarn
1480 3775 1511 3841 61

263 3893 334 3959 fidei
349 3896 419 3960 tuae
435 3895 645 3962 commendate
660 3897 714 3960 est.
752 3895 801 3962 Ad
814 3898 894 3962 hane
909 3915 973 3961 rem
988 3894 1201 3980 perficiendam
1216 3912 1271 3961 nos
1287 3892 1389 3960 omnia
1408 3893 1509 3958 nostra

264 4009 365 4076 studia
388 4011 478 4094 atque
501 4009 788 4077 6111616661111666
811 4012 979 4088 ο116111666;
1002 4011 1082 4078 nihil
1099 4011 1274 4090 recusaturi,
1298 4008 1508 4094 66616116-

264 4125 433 4191 stituendos
456 4127 520 4191 Deo
543 4125 647 4193 fideles
664 4145 734 4192 snos
757 4128 921 4211 pertineat;
945 4129 1035 4212 atque
1051 4127 1153 4194 omnia
1176 4127 1282 4206 acturi,
1306 4127 1340 4191 61
1357 4123 1511 4208 intelligat

265 4242 436 4306 66116166
464 4241 544 4306 nihil
566 4261 659 4326 aeque
681 4243 769 4308 nobis
796 4244 920 4309 charum
944 4261 978 4309 ac
1000 4243 1057 4309 Dei
1079 4244 1240 4320 honorem,
1271 4242 1350 4308 nihil
1373 4243 1437 4306 tam
1459 4238 1509 4302 iu·

263 4355 404 4434 cundum,
427 4376 518 4442 quem
541 4359 626 4422 tuarn
656 4357 839 4444 dignitatern
868 4360 900 4425 et
922 4377 988 4425 esse
1010 4377 1090 4425 nunc
1112 4361 1143 4425 et
1165 4377 1284 4443 semper
1306 4358 1409 4436 brisso,
1432 4357 1511 4420 sicut

264 4471 415 4537 61116616
446 4473 895 4542 11116161616616Ρ6116661
925 4475 1034 4541 nuncio
1063 4477 1166 4541 nostro
1194 4475 1224 4540 in
1249 4475 1386 4559 Ungaria
1415 4479 1511 4540 661.161
