3400 5088
684 353 908 420 ..91-

171 553 359 620 saecrilonrm
381 551 534 620 continuis
549 551 741 619 detrimentis
764 531 960 634 cladibusque
982 549 1102 629 eruditi,
1125 568 1200 633 quas
1215 549 1289 614 haec
1312 547 1421 614 civitas

171 672 209 736 ob
230 669 413 737 domesticas
443 668 646 735 dissensiones
676 668 810 751 pertulit,
839 668 1010 734 convertere
1040 667 1072 731 in
1101 665 1256 749 publicum
1286 665 1421 749 privatas

173 788 342 852 voluntates
357 788 389 852 ct
402 785 518 870 patriae
533 787 679 870 pietatem
701 804 793 870 quam
808 783 925 850 debetis
940 785 1094 867 praestare
1108 782 1321 858 institueritis;
1345 803 1420 867 quoe

172 904 228 970 hcc
250 905 350 989 magis
373 903 462 970 illam
484 903 620 987 postulat
643 921 661 966 a
684 901 770 968 vobis
792 902 824 968 et
846 901 968 984 expetit,
997 919 1057 985 quc
1079 899 1270 984 maiembus
1299 898 1421 964 damnis

172 1018 278 1086 attrita
299 1021 331 1084 et
352 1019 537 1086 labefactata
558 1020 623 1094 est;
646 1019 681 1084 ut
703 1017 823 1084 nullum
853 1017 914 1082 nisi
936 1017 970 1083 in
992 1016 1149 1082 concordia
1172 1019 1203 1082 et
1225 1015 1421 1082 consensione

170 1135 307 1202 omnium
331 1137 467 1201 uestrum
491 1135 554 1200 suis
577 1133 701 1200 afflictis
724 1134 815 1200 rebus
839 1133 1011 1199 subsidium
1033 1133 1131 1216 possit
1153 1133 1290 1216 reperire.
1338 1130 1421 1213 Quae

169 1271 240 1316 eum
262 1251 412 1317 maiorum
440 1253 609 1316 uestrorum
638 1250 751 1316 urtute
774 1253 806 1315 et
828 1249 979 1334 sapientia
1007 1250 1160 1334 quondam
1191 1250 1269 1316 freta
1293 1249 1342 1316 sui
1363 1269 1419 1315 nc·

170 1367 263 1432 minis
294 1367 409 1432 famam
439 1367 473 1432 in
501 1368 626 1432 cunetas
655 1366 793 1432 nationes
823 1365 991 1432 extenderit
1020 1365 1183 1449 orbemque
1211 1368 1362 1432 tanarum
1391 1367 1422 1432 et

169 1483 335 1550 maritimis
364 1485 396 1550 et
426 1482 621 1548 terrestribus
650 1483 689 1548 ab
719 1501 751 1549 se
780 1483 879 1566 partis
908 1481 1062 1548 referserit
1091 1481 1242 1560 uictoris,
1275 1501 1422 1566 saepeque

169 1619 283 1684 magno
305 1598 455 1683 praesidio
477 1599 569 1682 atque
590 1599 765 1666 adiumento
794 1599 961 1665 catholicae
990 1597 1133 1682 religioni
1154 1600 1186 1663 et
1208 1597 1278 1663 fidei
1308 1598 1422 1664 summi

169 1717 227 1782 Dei
242 1715 386 1782 adversus
401 1713 540 1782 infideles
563 1717 594 1780 et
609 1715 754 1780 barbaras
777 1715 916 1781 natones
932 1713 1032 1793 fuerit,
1055 1715 1178 1781 tantum
1193 1733 1273 1780 nunc
1288 1732 1306 1779 a
1322 1715 1421 1780 uetere

167 1833 224 1898 illa
247 1832 370 1899 sumtis
399 1832 498 1916 gloria
527 1831 738 1915 degeneraret,
768 1833 804 1897 ut
825 1850 886 1898 non
906 1831 1009 1916 magis
1039 1830 1176 1897 hostium
1204 1830 1299 1896 amis
1329 1849 1421 1913 quam

168 1949 385 2015 intestinarum
414 1948 582 2015 fmticnum
611 1946 771 2014 discordiis
799 1949 921 2014 vastata
950 1949 981 2014 et
1009 1947 1158 2012 exhausta
1187 1946 1297 2030 predae
1329 1966 1421 2031 prope

168 2065 260 2148 atque
280 2062 413 2130 ludibrio
428 2063 570 2132 omnibus
593 2066 681 2129 esset.
727 2063 815 2130 Hanc
836 2063 870 2130 in
885 2063 971 2129 vobis
993 2065 1025 2129 et
1039 2063 1271 2147 praeteritorum
1286 2081 1421 2130 errorum

168 2179 388 2263 poenitentiam
411 2181 442 2245 et
463 2179 496 2246 in
525 2181 680 2263 posterum
710 2179 820 2245 salutis
849 2197 885 2244 ac
906 2177 1069 2263 diguitatis
1091 2178 1312 2262 recuperandae
1335 2199 1421 2263 spem

168 2299 199 2362 et
221 2296 437 2380 cogitationem
451 2294 540 2362 valde
561 2295 725 2362 admodm
740 2295 774 2361 in
788 2294 919 2362 Domino
934 2293 1191 2374 commendamus,
1214 2314 1339 2379 eamque
1357 2297 1419 2361 im-

168 2413 277 2496 primis
298 2412 363 2478 Deo
392 2411 455 2478 fore
484 2412 606 2496 getam
635 2411 859 2478 confirmamus.
905 2412 938 2478 Is
960 2411 1043 2478 onim
1072 2429 1142 2478 cum
1171 2429 1278 2495 pacem
1301 2429 1420 2495 semper

169 2527 311 2594 omnibus
334 2528 498 2611 proponat,
521 2526 638 2592 ciuibus
661 2529 740 2592 certe
756 2526 836 2594 inter
859 2547 892 2593 se
914 2527 1015 2611 magis
1038 2527 1226 2611 propositam
1248 2527 1315 2593 vult
1337 2528 1367 2593 et
1385 2529 1420 2593 ut

167 2643 277 2727 quique
300 2643 423 2708 arctiori
444 2642 564 2708 vinculo
587 2643 746 2727 sanguinis
775 2644 830 2709 aut
851 2644 956 2727 legum
979 2643 1131 2709 coniumti
1155 2644 1235 2722 sunt
1257 2643 1303 2710 ita
1325 2643 1358 2710 in
1379 2643 1419 2710 iis

168 2759 301 2824 sanctior
330 2777 449 2842 semper
478 2760 526 2824 est
548 2759 698 2825 mentium
721 2761 752 2824 et
782 2759 973 2826 voluntatum
1003 2760 1169 2825 consensio.
1214 2759 1314 2844 Atque
1337 2759 1419 2825 idam

168 2875 250 2941 Deus
274 2878 305 2941 et
326 2874 477 2940 Dominus
499 2876 602 2940 ncstsr
623 2871 715 2940 Jcsus
739 2873 879 2942 Christus
901 2875 946 2940 ita
969 2876 1008 2941 ab
1031 2875 1115 2941 omni
1137 2875 1329 2942 contentione
1351 2874 1416 2940 dis·

168 2989 245 3058 sidio
268 2989 418 3056 ffismrdia
440 2991 605 3056 abhorrens
634 2989 650 3054 f
669 2990 693 3056 't
714 2992 750 3056 ut
772 3011 842 3056 cum
871 2991 904 3056 in
927 2991 1031 3056 sancto
1061 2991 1219 3076 euangelio
1248 2990 1419 3058 ostenderet

168 3125 243 3189 quae
265 3105 337 3172 inde
358 3107 392 3172 in
414 3106 517 3191 reguis
546 3106 688 3172 omnibus
718 3106 856 3173 venirent
878 3106 969 3186 mala,
999 3106 1093 3172 etiam
1116 3125 1244 3191 regnum
1266 3107 1418 3174 Belzebub

169 3225 274 3289 conba
297 3242 329 3288 ae
358 3222 491 3288 divisum
522 3225 603 3288 stare
632 3221 748 3288 diutim
780 3223 937 3307 negaverit
959 3241 1055 3306 posse.
1102 3221 1239 3304 Quodsi
1267 3223 1416 3290 illasde-

169 3356 293 3423 menum
316 3339 482 3422 potestates
499 3357 684 3422 quamquam
699 3357 809 3423 pravae
832 3340 989 3422 malaeque
1005 3341 1144 3405 aeternae
1160 3341 1263 3406 tamen
1278 3341 1310 3406 et
1325 3339 1417 3424 spiri-

168 3454 267 3519 tuales
290 3454 357 3520 sine
379 3453 537 3520 concordia
566 3473 741 3538 permanere
764 3473 825 3521 non
847 3456 983 3538 possunt,
1013 3454 1087 3539 quid
1109 3457 1157 3520 est
1178 3455 1217 3522 de
1238 3457 1365 3522 urbibus
1387 3458 1419 3522 et

167 3568 305 3653 imperiis
328 3571 545 3654 temporalibus
569 3570 776 3647 sentiendum3
799 3590 875 3654 quae
890 3571 1022 3654 profecto
1045 3571 1161 3636 eisdem
1176 3570 1417 3638 dissensionibus

168 3687 199 3750 et
222 3685 279 3751 Dei
302 3704 395 3769 regno
418 3685 597 3751 renunciant
612 3687 643 3750 et
666 3705 794 3769 regnum
818 3705 908 3751 suum
923 3685 1082 3752 abiciunt?
1105 3685 1198 3754 Cuius
1220 3687 1323 3754 divine
1347 3707 1416 3755 ora·

168 3800 235 3866 culo
258 3801 388 3866 emissae
411 3801 549 3867 veriatis
582 3801 761 3868 documenta
791 3801 911 3867 utinam
934 3821 994 3868 non
1017 3803 1082 3868 tam
1104 3802 1239 3886 graviter
1261 3804 1292 3868 et
1313 3803 1419 3869 acerbe

168 3920 200 3982 ct
222 3917 313 3982 ltalia
335 3917 435 3982 omnis
457 3920 488 3983 et
510 3917 618 3982 civitas
647 3916 802 3999 imprimis
824 3919 925 3984 vestm
947 3917 1181 4001 comprobasset.
1227 3917 1287 3985 Sed
1309 3939 1365 3986 ncs
1388 3921 1419 3986 st

167 4031 243 4098 alibi
265 4032 446 4117 ubicumque
461 4033 548 4099 nobis
570 4031 629 4098 lari
644 4033 675 4098 et
697 4033 851 4098 consulere
869 4034 900 4098 et
914 4033 1030 4099 hortari
1052 4052 1088 4097 eo
1103 4053 1224 4100 monere
1240 4036 1288 4100 est
1303 4034 1417 4114 datum,
1448 4109 1450 4113 ⁸

166 4165 273 4231 pacem
296 4147 422 4214 suadere
444 4150 475 4214 et
489 4167 595 4232 rogare
617 4167 678 4213 non
700 4147 890 4226 destitimus3
914 4150 944 4216 st
967 4148 993 4214 si
1010 4147 1090 4234 apud
1111 4148 1188 4215 alios
1211 4149 1294 4216 furor
1315 4169 1417 4216 armc-

168 4281 237 4330 rum
267 4265 298 4329 et
327 4263 504 4348 privataea
533 4263 653 4348 publico
682 4263 918 4330 christianitatis
947 4265 1025 4331 bono
1055 4265 1208 4332 seiunctae
1236 4265 1418 4349 cupiditates

167 4379 308 4446 hortatus
330 4381 450 4447 nostros
465 4379 600 4446 exaudiri
622 4399 683 4446 non
698 4379 932 4463 permisserunt;
955 4381 1041 4446 vobis
1057 4379 1162 4446 dilecti
1176 4381 1235 4447 filii
1258 4382 1299 4448 sit
1313 4384 1418 4447 ncsba

168 4494 301 4561 obantes
324 4496 356 4562 et
377 4495 411 4562 in
434 4495 519 4562 vobis
539 4495 591 4580 pie
613 4495 812 4564 admonendis
834 4497 998 4562 auotoritas
1021 4497 1151 4581 accepta.
1196 4495 1257 4577 Qui
1278 4499 1310 4562 et
1332 4496 1418 4580 robis
