3366 5084
580 315 920 426 Ι-16-

179 551 315 636 'gloriam
338 553 500 636 6661111616.
524 551 727 619 serenitatem
748 553 845 638 igitur
866 554 954 618 tuam
975 553 1143 637 plurimum
1164 553 1197 618 in
1212 551 1344 620 Domino
1362 551 1436 618 hor·

183 669 288 733 161161
310 671 346 734 ut
367 669 540 736 llduenssm
562 669 737 753 episcopum
759 671 870 753 ipsum,
894 669 1005 735 sinon
1031 669 1138 754 ipsius,
1161 671 1194 734 at
1214 669 1330 735 ordinis
1353 669 1436 752 cpis-

184 784 300 868 copalis
323 785 433 869 grstia
465 787 497 851 et
523 786 603 870 quod
625 786 690 852 Deo
717 785 836 852 dicatus
860 804 973 864 servus,
1002 785 1088 850 illius
1118 785 1208 850 debet
1230 785 1363 850 servitiis
1385 785 1435 849 111-

177 899 302 979 6161616,
324 901 423 966 nostri
449 900 544 966 etiam
566 901 689 978 intuitu,
719 901 774 985 qui
795 920 849 984 pro
875 901 969 966 fratre
992 902 1024 966 et
1045 901 1158 968 honoro
1183 901 1327 967 ecclcsiae
1348 901 1436 966 labo·-

185 1033 300 1094 ramus,
322 1016 372 1082 rel
395 1016 599 1082 scarceribus
621 1017 754 1082 missum
768 1016 875 1096 facere,
897 1017 947 1082 rel
970 1017 997 1082 si
1019 1016 1121 1100 aliqua
1137 1017 1243 1082 subest
1256 1035 1347 1081 causa
1362 1033 1439 1099 quse

180 1133 272 1198 cuum
295 1131 434 1198 animum
455 1131 538 1196 iusta
552 1131 709 1197 iracundia
732 1133 763 1197 et
777 1131 963 1216 indignitate
985 1133 1114 1209 moreat,
1137 1131 1217 1216 quod
1231 1131 1285 1197 ille
1307 1131 1437 1196 forsitan

187 1247 303 1312 crimen
326 1247 506 1326 commissit,
530 1247 610 1331 quod
631 1266 692 1312 non
708 1247 847 1314 1111661111
868 1253 937 1314 esse
950 1247 1178 1331 ignoscendum,
1202 1267 1244 1314 so·
1260 1248 1316 1313 sub
1339 1248 1437 1313 ecole-

182 1362 343 1428 siasticam
366 1362 536 1428 custodiam
558 1365 590 1428 61
618 1363 780 1446 presertim
802 1364 1014 1446 metropolitae
1037 1363 1086 1429 sui
1107 1364 1235 1430 remisso
1265 1364 1295 1429 et
1316 1362 1438 1441 tradito,

180 1487 220 1543 a'o
249 1477 400 1560 tantisper
428 1479 464 1543 ut
494 1478 678 1563 Episcopum
708 1478 793 1544 deest
823 1478 962 1557 tractato,
991 1497 1046 1544 nos
1076 1478 1113 1544 de
1142 1481 1207 1544 tota
1236 1499 1268 1544 16
1296 1479 1438 1544 certiores

183 1592 290 1672 fucere,
310 1594 345 1658 at
365 1593 519 1659 iustitiam
541 1596 680 1660 nostram
702 1595 853 1678 requirere
875 1594 961 1674 volis,
984 1610 1077 1678 quam
1098 1595 1144 1660 ita
1166 1595 1380 1678 prestabimus,
1402 1595 1438 1659 ut

182 1707 239 1774 fiat
260 1709 403 1776 omnibus
425 1709 625 1778 manifestum
647 1710 727 1776 nihil
749 1710 983 1794 magisplacere
1005 1711 1102 1788 nobis,
1125 1729 1218 1794 quam
1240 1711 1273 1776 in
1295 1709 1437 1775 omnibus

183 1823 359 1890 hominibus
381 1824 543 1905 iustitiam,
566 1825 600 1890 in
622 1825 837 1892 ecclesiasticis
859 1845 930 1891 vero
952 1826 1048 1891 etiam
1070 1826 1258 1910 religionem.
1296 1827 1435 1910 11111116-

183 1939 268 2005 niam
290 1939 328 2005 de
350 1939 565 2006 ecclesiasticis
587 1942 687 2008 causis
711 1960 801 2025 agere
823 1943 925 2007 tecum
948 1941 1127 2025 incepimus,
1157 1942 1236 2007 illud
1258 1959 1375 2025 quoque
1397 1941 1436 2006 ad

181 2053 276 2122 fidem
299 2055 330 2120 61
351 2055 538 2139 aequitatem
561 2057 647 2122 tuam
670 2058 806 2140 spectare
829 2057 1029 2136 arbitramur,
1052 2058 1084 2122 et
1106 2058 1254 2123 siverum
1276 2055 1438 2123 dicendum

183 2169 349 2236 6616116111
378 2170 418 2236 ud
440 2170 487 2236 tui
509 2172 643 2238 nominis
672 2173 826 2251 honorem,
856 2172 975 2256 dequo
1004 2174 1108 2238 tamen
1130 2175 1165 2239 tu
1186 2173 1275 2239 nobis
1307 2173 1438 2256 benigno

182 2285 338 2368 pollicitus
353 2305 395 2365 es,
417 2287 553 2354 16161616
574 2288 716 2354 omnibus
739 2287 962 2366 ecclesiasticis,
985 2288 1039 2372 qui
1053 2288 1195 2354 ecclesias
1218 2289 1250 2353 et
1272 2287 1439 2353 sacerdotia

181 2400 217 2467 in
238 2401 301 2468 tuis
323 2403 399 2468 locis
415 2402 554 2470 obtinent
575 2403 711 2487 ipsorum
726 2404 843 2470 finctus
858 2403 985 2483 debitos,
1009 2404 1040 2469 et
1054 2422 1258 2488 quaecumque
1274 2403 1313 2468 ad
1327 2422 1439 2468 nomen

183 2517 215 2583 et
236 2515 285 2582 ius
308 2517 451 2585 eeclesiae
466 2518 620 2602 pertinent
642 2519 742 2586 ordini
757 2537 811 2585 suo
828 2522 859 2586 61
873 2519 1085 2585 consuetudini
1099 2519 1246 2602 pristinae
1269 2518 1436 2584 restituere.

183 2627 271 2710 Quod
293 2633 467 2699 serenitatis
489 2634 561 2700 tuac
576 2635 789 2719 magnitudine
804 2634 1032 2719 dignissimum,
1047 2636 1136 2702 nobis
1151 2654 1220 2701 vero
1235 2635 1373 2699 1111116111
1390 2635 1439 2700 661

182 2747 404 2830 gratissimum.
443 2748 559 2816 Datum
581 2750 697 2818 Romae
719 2752 775 2819 616.
799 2750 848 2818 die
871 2750 919 2817 iiii
932 2749 1020 2818 Junii
1034 2750 1181 2816 mdrriir'i.
1220 2749 1309 2817 Anno
1330 2749 1437 2834 primo.

787 2984 837 3051 18.

598 3131 685 3205 Regu
709 3129 1024 3193 christianissimo.

273 3263 439 3332 Carissimo
461 3268 517 3332 616.
563 3267 608 3333 Ex
630 3266 743 3333 litteris
766 3267 829 3332 tuis
859 3267 907 3333 die
930 3267 980 3332 rvi
1002 3265 1079 3334 Maii
1106 3267 1187 3333 datis
1210 3288 1246 3334 ea
1275 3288 1351 3354 quas
1380 3269 1440 3334 tibi

185 3381 373 3464 scripsimus,
404 3381 435 3448 61
458 3400 533 3466 quae
556 3381 685 3448 dilectus
708 3381 790 3451 filius
820 3381 962 3448 dominus
987 3379 1038 3448 ss
1063 3381 1216 3449 Martialis
1224 3381 1248 3469 ¹)
1281 3383 1439 3450 serenitati

184 3495 371 3565 1666161116
394 3495 508 3563 nostris
523 3497 637 3579 retulit,
659 3499 749 3583 grets
764 3499 821 3565 tibi
837 3497 1162 3579 111666111611611111116,
1185 3500 1217 3564 et
1230 3518 1286 3565 nos
1301 3499 1439 3566 vicissim

183 3631 219 3677 61
251 3611 291 3678 iis
322 3633 398 3697 quae
427 3632 521 3678 manu
552 3615 732 3698 praesertim
763 3615 817 3680 tna
846 3613 1060 3698 perscripsisti,
1092 3633 1239 3700 magnam
1268 3617 1438 3700 accepimus

183 3727 421 3794 iucunditatem:
451 3748 514 3795 non
542 3729 626 3796 enim
656 3729 833 3795 dubitamus
863 3749 922 3814 quo
947 3749 1003 3795 nos
1034 3731 1167 3814 erga'te
1198 3731 1300 3797 animo
1324 3751 1438 3811 sumus,

184 3841 318 3928 simplici
338 3843 481 3911 videlicet
503 3864 538 3909 ac
559 3844 652 3925 fideli,
682 3845 740 3910 tali
762 3847 793 3910 16
816 3844 916 3910 studio
939 3863 1012 3931 erga
1034 3864 1089 3910 nos
1120 3846 1301 3912 6116111616
1324 3847 1438 3912 amoris

182 3958 317 4026 61161616.
349 3961 459 4026 Restat
480 3979 553 4045 orgo
575 3961 611 4026 ut
633 3960 881 4027 benevolentiam
898 3960 977 4025 hanc
999 3961 1137 4025 nostram
1160 3960 1276 4026 mutuis
1295 3961 1437 4045 deinceps

182 4073 293 4140 officiis
315 4075 538 4142 confirmemus.
583 4076 629 4142 Ac
651 4095 706 4142 nos
730 4076 935 4160 superioribus
965 4075 1132 4154 mensibus,
1161 4095 1232 4141 cum
1252 4078 1288 4143 tu
1311 4079 1342 4142 et
1364 4077 1439 4144 dum

182 4189 330 4256 exercitus
352 4191 422 4256 tuos
445 4191 479 4256 in
493 4189 586 4256 Italis
608 4191 744 4271 haberes,
768 4193 943 4275 reputantes
965 4191 1125 4258 nobiscum
1140 4189 1260 4258 nullum
1275 4192 1438 4258 consilium

180 4323 278 4389 neque
300 4305 389 4372 nobis
419 4305 520 4391 magis
549 4305 739 4386 conueniens,
766 4325 862 4393 neque
894 4306 1077 4372 christianae
1107 4307 1289 4390 reipublicae
1312 4310 1344 4373 et
1365 4309 1436 4372 tuae

230 4553 233 4556 .
275 4499 577 4564 ι)861111·11116611,111116
597 4503 768 4550 Summarzamo.
