3380 5088
763 325 1006 399 ..250..

255 525 393 594 mustum
414 525 555 613 felixque,
570 527 635 594 Deo
658 526 830 606 adiuvante,
853 526 991 594 nurum
1006 525 1196 605 confidimus,
1219 527 1259 592 ud
1280 528 1396 595 certam
1412 527 1510 596 ricto·

257 645 340 712 viem
362 644 507 729 neumare
529 643 671 727 possitie3
695 643 925 727 quamomhrem
948 641 1079 722 Caesari
1107 643 1293 727 coeterisque
1322 643 1511 729 principibus
1563 686 1569 694 ·

256 760 477 846 rescripsimus,
491 759 700 828 coitaudantes
721 777 826 825 eorum
841 757 998 843 egregiam
1014 758 1210 838 voluntatem,
1233 761 1268 826 ut
1285 779 1321 826 ex
1336 759 1511 826 nostrarum

256 877 296 943 ad
317 877 388 942 illos
412 876 586 943 litterarum
601 876 749 960 exemplis
771 875 927 960 intelliget
949 877 1002 940 tua
1016 874 1146 954 devotio,
1168 894 1266 961 neque
1287 895 1339 942 eos
1354 874 1510 942 defuturos

257 991 425 1072 credimus,
455 991 530 1076 quin
558 991 702 1060 certatim
730 990 770 1057 ad
797 991 903 1058 mutae
924 989 1025 1056 laudis
1053 989 1333 1074 participationem,
1360 991 1511 1076 promissa

227 1181 232 1194 ,
256 1107 454 1192 pecuniarum
469 1107 592 1188 auxilia
614 1106 778 1176 conferant
824 1106 988 1191 Reliquum
1004 1107 1053 1172 est
1073 1107 1109 1172 ut
1128 1105 1248 1174 devotio
1262 1109 1316 1174 tua
1331 1127 1401 1176 oum
1417 1107 1510 1176 uestri

257 1223 373 1291 ordinis
395 1242 488 1291 causa
503 1225 621 1309 agatur,
646 1223 776 1308 explicet
797 1222 831 1290 in
845 1223 905 1291 hac
927 1221 1118 1308 expeditione
1140 1222 1333 1307 suscipienda
1347 1223 1445 1290 animi
1463 1223 1510 1290 sui

257 1338 502 1424 magnitudinem
521 1340 653 1424 agarqu
667 1339 732 1406 neo
754 1339 881 1425 muas,
902 1337 984 1424 quor
997 1356 1066 1404 em
1082 1338 1122 1404 au
1143 1339 1247 1406 unae
1261 1337 1362 1406 uuus
1378 1339 1509 1406 nuscum
1577 1340 1578 1343 ‘

257 1455 439 1533 reservavit
464 1454 516 1520 sed
538 1454 640 1521 omnis
661 1454 695 1522 in
717 1455 872 1524 celeritate
895 1474 965 1540 opes
987 1456 1043 1533 est,
1072 1453 1273 1538 nequeenim
1297 1455 1324 1520 si
1346 1453 1508 1530 diduntur,

256 1572 379 1640 eosdem
401 1571 434 1637 in
450 1569 575 1638 Oriente
590 1571 713 1650 amicos,
737 1591 833 1656 neque
855 1570 983 1638 eandem
1005 1569 1160 1636 habebitis
1173 1570 1369 1638 occasionem
1404 1569 1508 1655 Signi·

256 1687 352 1755 fiuant
381 1686 464 1754 enim
487 1685 575 1753 nobis
607 1707 662 1770 por
684 1687 819 1768 litteras,
848 1705 925 1770 quas
947 1685 1084 1772 proxime
1106 1685 1145 1752 ab
1167 1685 1231 1751 illis
1259 1685 1410 1753 hebemus
1432 1705 1508 1771 qua·

257 1823 384 1888 rumque
409 1802 583 1887 exemplum
605 1802 645 1868 ad
660 1821 714 1869 ros
728 1802 892 1882 mittimus,
915 1819 1099 1886 magnopere
1114 1801 1212 1868 vereri
1235 1820 1275 1881 se,
1298 1821 1336 1869 ne
1351 1802 1510 1886 pamfuotis

258 1918 395 1986 consiliis
418 1917 541 1997 nostris,
564 1918 625 2002 ipsi
647 1937 718 1985 cum
732 1919 838 1985 liberis
861 1937 897 1986 ae
918 1916 1098 2002 coniugibus
1113 1916 1349 1984 immanissimis
1370 1917 1510 1984 hostibus

258 2034 298 2101 ad
319 2035 488 2102 cruciatum
511 2053 547 2100 ac
576 2033 760 2117 supplicium
790 2034 1008 2119 relinquantur.
1054 2033 1183 2118 Ideoque
1213 2034 1343 2100 summis
1371 2034 1510 2120 precibus

258 2151 367 2234 petunt
389 2152 425 2216 ut
446 2152 501 2215 aut
516 2149 706 2217 occasionem
728 2149 772 2215 rei
788 2149 988 2234 perficiendus
1003 2148 1194 2234 arripiamus,
1217 2151 1271 2215 aut
1285 2150 1510 2235 quamprimum

259 2265 475 2349 significemus,
505 2283 561 2332 noa
585 2283 654 2331 eam
677 2265 967 2345 curam-abiecisse,
997 2283 1055 2350 quo
1080 2284 1112 2331 se
1134 2285 1170 2330 ex
1198 2264 1336 2332 hostium
1365 2265 1510 2346 faucibus,

256 2380 390 2447 maximo
412 2381 553 2466 pendulo,
576 2382 668 2465 atque
691 2381 910 2466 indignissima
940 2381 1085 2447 servitute
1107 2380 1257 2465 perdatim
1286 2381 1406 2466 possint
1436 2382 1509 2450 eub-

256 2496 372 2576 duoere,
395 2497 593 2581 quamobrem
615 2495 734 2562 terrem
750 2497 838 2564 tuam
852 2495 1044 2582 requirimus,
1067 2513 1103 2562 ac
1121 2514 1290 2578 monemus,
1313 2516 1351 2563 ne
1364 2497 1441 2565 velit
1456 2517 1510 2564 nos

255 2612 309 2697 qui
330 2612 422 2679 huius
445 2612 564 2697 negocii
585 2611 830 2698 procurationem
852 2612 933 2697 apud
947 2611 1108 2696 principes,
1124 2611 1219 2678 vestri
1240 2611 1438 2696 potissimum
1460 2631 1509 2679 or-

256 2727 337 2794 dinis
352 2747 456 2795 amoro
478 2728 571 2808 ducti
587 2726 785 2811 suscepimus,
809 2726 905 2794 rideri
920 2726 1021 2794 autin
1036 2727 1115 2792 hanc
1138 2745 1223 2810 spem
1238 2727 1346 2795 leviter
1360 2728 1509 2806 inductos,

256 2844 310 2909 aut
331 2845 454 2910 tantum
476 2843 660 2910 christianae
682 2842 866 2929 reipublicae
896 2842 1091 2909 commodum
1113 2842 1291 2927 neglexisse.
1335 2844 1394 2910 list
1415 2844 1508 2910 etiam

255 2958 346 3025 der.ui
371 2960 442 3025 tuae
465 2958 613 3026 memoria
635 2959 833 3043 repetendum
855 2959 888 3025 in
911 2959 1031 3043 quibus,
1062 2958 1244 3044 quantisque
1272 2959 1416 3044 periculis
1439 2980 1506 3027 rer·

255 3076 340 3141 satrrs
364 3074 406 3141 sit
428 3077 460 3141 et
481 3076 618 3142 versetur
640 3075 739 3141 adhue
769 3075 842 3144 ordo
864 3075 966 3142 vester
988 3072 1026 3141 ob
1048 3073 1221 3159 principum
1250 3074 1426 3156 discordias,
1456 3075 1509 3162 qui

254 3191 282 3256 si
297 3191 336 3258 ab
359 3190 454 3257 altero
470 3209 576 3258 eorum
590 3191 769 3256 labefactari
783 3191 915 3275 eoeperit
929 3190 1064 3257 uniuersi
1086 3189 1207 3257 ruinam
1222 3191 1364 3276 consequi
1387 3211 1508 3259 measse

254 3307 302 3371 est
323 3306 359 3370 ut
379 3305 515 3390 apertius
539 3325 609 3372 cum
632 3305 738 3374 eodem
760 3307 796 3373 fr.
813 3307 949 3373 Antonio
973 3325 1079 3372 sumus
1101 3306 1205 3386 locuti,
1227 3309 1367 3374 nostrum
1389 3309 1437 3374 est
1450 3308 1508 3374 hoc

253 3421 417 3488 consilium
447 3422 490 3500 ut,
520 3421 645 3489 tametsi
669 3419 781 3488 Caesar
810 3423 856 3489 ita
878 3421 1050 3490 oratoribus
1073 3421 1183 3489 restris
1205 3422 1361 3507 respondit
1383 3425 1419 3489 ut
1439 3421 1506 3489 Me·
1548 3413 1556 3424 ’

252 3537 326 3604 litae
348 3537 467 3604 insulae
490 3537 671 3605 obtinendae
687 3557 775 3623 spem
790 3539 908 3605 nullam
922 3537 1091 3618 rideamus,
1114 3539 1218 3604 tamen
1240 3537 1280 3606 od
1294 3540 1507 3607 occultandum

251 3652 415 3720 consilium
444 3653 640 3738 profectionis
670 3653 709 3719 ad
740 3661 814 3722 stru
837 3653 1062 3739 expeditionem
1091 3654 1294 3738 opportunum
1324 3655 1367 3720 sit
1389 3651 1508 3740 uulgari

250 3767 442 3836 devotionem
464 3770 551 3834 tuam
574 3768 781 3850 constituisse,
815 3789 886 3836 oum
914 3769 1049 3855 primum
1072 3787 1125 3853 per
1148 3769 1221 3836 anni
1242 3771 1364 3855 tempus
1394 3771 1506 3850 licebit,

251 3881 393 3950 Melitam
414 3903 486 3950 cum
515 3883 655 3952 uniuerso
678 3887 828 3952 conventu
857 3885 1003 3969 navigare
1025 3882 1216 3970 interimque,
1247 3905 1366 3953 summe
1397 3886 1506 3966 studio,

250 3999 381 4066 classem
395 4000 486 4066 rebus
501 3999 644 4066 omnibus
659 4000 700 4066 ad
713 4000 893 4068 orientalem
908 3999 1135 4084 mvigationem
1150 4001 1308 4082 instrume,
1330 4000 1505 4069 hominem·

250 4133 307 4199 que
329 4133 400 4181 cum
422 4115 536 4182 nostris
559 4115 674 4183 litteris
696 4117 736 4183 ad
758 4115 920 4184 Gaesarem
943 4115 983 4182 ad
1005 4115 1299 4183 christianissimum
1321 4116 1360 4182 ad
1374 4116 1506 4202 angiae

249 4231 342 4297 etad
365 4231 573 4317 Portugalliue
595 4251 685 4318 reges
708 4234 841 4312 mittere,
871 4233 925 4318 qui
946 4233 992 4299 eis
1015 4232 1177 4317 significet,
1207 4251 1261 4299 ros
1284 4232 1324 4298 ad
1346 4231 1504 4300 orientatis

248 4347 367 4431 negocii
389 4346 595 4415 executionem
617 4349 716 4433 primo
738 4350 899 4435 appetente
922 4367 991 4415 vcro
1012 4348 1219 4434 navigaturos,
1242 4350 1334 4434 atque
1354 4349 1451 4415 etism
1472 4349 1505 4417 in

248 4461 406 4532 Orientem
429 4483 481 4532 seu
506 4464 631 4532 fratrem
654 4465 823 4534 Antonium
847 4485 908 4547 seu,
936 4464 964 4531 si
986 4465 1051 4549 ipse
1074 4481 1136 4532 non
1157 4465 1263 4551 possit,
1292 4463 1422 4536 eundem
1451 4463 1503 4552 qui
