3366 5084
676 370 898 442 -bsssu

159 568 282 656 quidem
305 570 413 636 multis
435 568 540 634 allatis
555 568 724 634 rationibus
747 568 783 632 ut
805 567 844 632 ab
859 586 893 632 eo
916 565 1043 631 consilio
1058 564 1233 630 desisteret:
1258 562 1311 630 sed
1332 581 1413 629 nunc

161 688 259 752 cetera
283 686 344 751 sibi
365 705 490 752 cernens
513 683 659 761 difficilia,
689 683 728 748 ad
751 683 878 749 eandem
908 680 1154 747 deliberationem
1179 699 1325 757 reversus,
1349 678 1412 744 sive

161 801 372 886 impotentiam
396 802 533 866 nostram
556 818 722 884 agnoscens
746 797 809 864 sive
832 797 992 864 consilium
1008 797 1147 862 nostrum
1170 796 1209 860 ab
1232 794 1326 860 armis
1342 813 1410 859 om·

159 917 230 983 nino
254 916 428 982 abstinendi
457 915 644 998 intelligens,
674 915 773 980 mittit
802 913 909 980 ducem
931 912 1080 978 Albaniae
1109 911 1148 977 ad
1170 910 1252 977 idem
1280 928 1411 994 regnum

160 1031 406 1116 oppugnandum.
445 1029 505 1110 Qui
527 1051 597 1096 cum
620 1050 700 1096 nunc
722 1031 781 1096 iter
803 1029 917 1095 iaciens
939 1049 993 1112 per
1015 1028 1105 1093 urbes
1128 1029 1159 1093 et
1182 1026 1330 1092 ditionem
1352 1033 1409 1091 rio-

161 1151 272 1226 stram,
304 1149 484 1232 sanctaeque
514 1166 656 1213 romanae
692 1145 835 1212 ecclesiae
865 1163 899 1210 ac
928 1143 1001 1210 fidei
1027 1145 1149 1209 nostrae
1177 1131 1410 1208 commissorum

157 1265 307 1329 tanseat:
331 1281 392 1328 non
407 1263 611 1328 necessarium
628 1263 735 1340 solum,
759 1282 864 1328 verum
879 1261 974 1327 etiam
989 1259 1106 1325 iustum
1121 1278 1188 1324 esse
1202 1258 1409 1336 censebamus,

157 1398 228 1444 cum
250 1379 290 1444 ab
313 1377 445 1443 exercitu
474 1380 565 1460 etque
594 1379 688 1443 armis
711 1397 847 1444 essemus
869 1377 952 1452 nudi,
981 1375 1079 1460 pactis
1102 1376 1133 1440 ot
1162 1373 1410 1441 conventionibus

159 1495 318 1578 cumipse
350 1513 420 1578 rege
449 1493 546 1571 initis,
576 1494 779 1577 nosmetipsos
810 1494 984 1575 statumque
1012 1492 1152 1556 nochum
1175 1492 1206 1557 et
1227 1490 1409 1568 nostrorum,

157 1611 260 1674 tutum
282 1609 321 1674 ab
344 1609 429 1675 omni
450 1609 582 1692 periculo
598 1610 630 1674 et
645 1608 812 1692 suspitione
834 1607 961 1692 periculi
983 1621 1167 1673 conservare.
1199 1606 1237 1672 ln
1259 1623 1319 1690 qua
1334 1623 1407 1670 ccn·

156 1724 321 1791 saltatione
343 1726 375 1791 et
391 1723 573 1809 cogitatione
597 1744 666 1789 cum
689 1743 833 1802 essemus
850 1743 917 1789 ecce
939 1724 1061 1789 litterae
1076 1742 1142 1788 ven.
1166 1721 1271 1788 fratris
1286 1708 1408 1787 Nicolai

155 1840 376 1924 archiepiscopi
399 1839 535 1924 Capuam
557 1839 660 1905 nuncii
675 1840 781 1919 nostri,
804 1839 842 1904 ad
865 1857 920 1904 nos
936 1839 1048 1905 allatae
1071 1839 1151 1916 sunt,
1174 1837 1284 1923 quibus
1308 1835 1406 1921 signi·

155 1954 227 2021 ficet
251 1956 446 2022 serenitatem
462 1953 599 2021 Caesaris
622 1956 726 2021 habito
749 1957 817 2021 him
839 1955 878 2022 ad
901 1973 956 2021 nos
972 1956 1003 2020 et
1025 1955 1197 2020 nostrorum
1219 1953 1407 2020 voluntatem

154 2074 301 2156 respectu,
332 2071 397 2136 aine
421 2071 531 2155 quibus
553 2071 632 2137 nihil
656 2073 736 2137 esset
758 2073 890 2150 acturus,
914 2071 952 2137 ad
982 2070 1110 2138 consilia
1132 2071 1164 2135 et
1193 2068 1294 2135 studia
1323 2067 1407 2152 pacis

153 2205 337 2270 propensum
358 2205 433 2264 esse,
456 2206 515 2270 qua
538 2187 633 2252 etiam
656 2207 708 2271 spe
724 2188 755 2252 et
776 2164 887 2252 fiducia
910 2187 988 2271 quod
1005 2185 1173 2253 necessario
1195 2185 1294 2251 facere
1315 2202 1406 2270 coge·

152 2301 262 2366 bamur
283 2301 409 2368 liberius
432 2303 569 2381 fecimus
592 2323 685 2388 eaque
707 2303 943 2369 conventionum
960 2304 1094 2387 capitula
1116 2301 1307 2368 firmavimus
1330 2319 1407 2385 quae

154 2415 243 2482 facile
259 2419 420 2502 aperteque
436 2418 655 2498 demonstrant,
664 2417 687 2505 1)
712 2439 770 2505 quo
785 2439 841 2486 nos
856 2421 967 2498 animo,
983 2421 1015 2486 et
1029 2439 1089 2503 qua
1102 2419 1137 2484 in
1150 2437 1274 2485 omnem
1287 2419 1407 2503 partem

155 2532 304 2598 modestia
333 2534 377 2598 nil
407 2535 645 2618 quaesiverimus
675 2535 767 2615 aliud,
796 2535 860 2601 nisi
881 2535 974 2601 fidem
1005 2537 1037 2602 et
1064 2535 1272 2608 securitatemr
1302 2534 1406 2598 tamen

155 2667 290 2714 seorsum
307 2669 423 2734 quoque
439 2651 702 2734 circumspectioni
725 2653 794 2716 tuae
817 2653 849 2718 et
870 2652 925 2717 isti
939 2651 1110 2717 clarissimo
1126 2649 1193 2734 regi
1207 2649 1406 2727 affirmamus,

154 2781 259 2830 omnes
288 2783 384 2842 curas,
414 2765 575 2849 cogitatus,
605 2769 797 2851 actionesque
827 2765 947 2833 nos'tras
976 2763 1097 2834 nullum
1126 2767 1223 2831 alium
1246 2765 1284 2832 ad
1312 2764 1406 2831 finem

154 2897 245 2961 qnam
269 2878 309 2942 ad
331 2899 491 2947 commune
513 2883 626 2948 bonum
649 2884 784 2948 intentas
816 2901 897 2961 esse,
928 2883 1068 2966 cupimus
1092 2882 1215 2966 quidem
1246 2882 1325 2946 salvi
1345 2880 1407 2965 ipsi

154 3012 272 3077 quoque
295 2995 327 3058 et
349 2996 515 3062 incolumes
538 3017 618 3062 esse:
649 2997 701 3064 sed
725 2998 826 3082 siquid
846 2999 1001 3081 praeterea
1022 2997 1208 3064 incremento
1230 2996 1353 3062 honoris
1376 2996 1407 3062 et

154 3108 344 3176 fortunarum
368 3114 542 3177 nostrarum
564 3131 583 3176 a
605 3112 669 3178 Deo
693 3114 808 3196 optimo
831 3115 964 3180 marimo
987 3113 1123 3180 dandum
1141 3113 1230 3193 esset,
1253 3112 1353 3178 totum
1375 3111 1408 3177 id

155 3225 286 3290 libenter
308 3225 347 3290 ad
369 3226 553 3310 reipublicae
581 3227 697 3293 bonum
724 3229 893 3312 reijcimus3
923 3249 1082 3314 carereque
1105 3248 1138 3296 eo
1161 3247 1225 3310 nos,
1256 3228 1330 3293 dnm
1358 3247 1408 3294 res

155 3339 323 3405 christiana
346 3340 466 3424 pubhca
488 3342 631 3425 patiatur,
653 3343 742 3408 facile
765 3345 903 3410 animum
924 3344 1106 3424 inducimus,
1129 3344 1214 3410 ouius
1237 3344 1331 3410 otimn
1353 3362 1408 3427 pro

157 3455 253 3520 salute
277 3455 309 3520 et
337 3454 408 3522 fidei
437 3457 621 3524 christianae
649 3459 815 3538 commodo,
845 3479 934 3527 casus
963 3480 1069 3528 omnes
1097 3462 1129 3526 ot
1150 3460 1285 3544 pericula
1308 3449 1408 3542 vaequo

156 3570 258 3636 animo
282 3589 419 3638 essemus
436 3573 575 3640 subituri
599 3574 685 3641 Hanc
703 3575 800 3659 igitur
815 3577 1045 3643 conventionem
1067 3577 1099 3642 et
1113 3576 1218 3643 foedus
1233 3575 1409 3641 concordiae

156 3687 287 3764 nostrae,
310 3689 345 3751 ut
368 3689 399 3752 et
421 3689 625 3754 necessarium
648 3693 679 3756 et
693 3691 865 3772 honestum,
888 3694 923 3758 ut
941 3693 1106 3776 approbare
1128 3693 1159 3758 et
1173 3693 1260 3776 grate
1275 3689 1409 3775 accipere

159 3802 306 3868 amenitas
342 3802 402 3868 ista
432 3804 521 3883 velit,
559 3805 859 3890 circumspectionem
888 3810 975 3874 tuam
1003 3825 1186 3892 magnopore
1214 3807 1248 3872 in
1277 3806 1409 3872 Domino

157 3916 325 3995 hortamur,
348 3937 417 3984 oum
433 3919 469 3984 de
492 3922 596 3986 nostro
611 3941 684 4008 erga
706 3941 774 3989 eam
797 3923 908 4002 animo,
931 3943 965 3989 ac
983 3925 1133 4009 singulari
1154 3927 1185 3990 et
1203 3919 1314 3990 eximia
1336 3942 1409 4008 erga

157 4032 188 4098 te
216 4033 382 4111 voluntate,
413 4055 473 4100 non
504 4037 602 4102 solum
632 4038 665 4103 in
694 4039 738 4105 eis
767 4039 844 4123 ipsis
873 4041 1104 4106 conventionem
1133 4040 1277 4125 capitulis
1306 4042 1409 4125 aperte

156 4148 312 4226 testemur,
337 4148 390 4213 sed
414 4151 510 4215 simus
534 4171 671 4219 summae
701 4155 853 4220 amicitiae
876 4160 908 4222 et
930 4141 1149 4223 coniunctionis
1173 4159 1294 4224 nostrae
1316 4157 1410 4223 fidem

157 4266 334 4347 perpetuam
357 4266 541 4350 praestituri.
565 4267 644 4334 Vere
666 4269 748 4336 enim
772 4273 803 4336 et
817 4272 958 4338 novimus
982 4275 1013 4339 et
1035 4274 1214 4341 confitemur
1236 4275 1410 4344 serenitatis

248 4512 266 4574 ¹)
283 4515 441 4574 sequentibus
459 4519 536 4566 rerbls
554 4532 626 4582 usque
644 4522 669 4570 ln
687 4523 756 4570 linem
774 4525 954 4575 concludebatur
971 4527 1044 4576 etlam
1062 4527 1162 4588 epistola
1180 4527 1292 4587 ruperim.
