3366 5084
774 291 971 355 ...g-

239 459 373 550 'vocante
402 483 493 550 illum
515 483 678 550 serenitate
707 484 761 549 tua
783 486 815 551 et
843 484 883 550 ad
905 485 1037 552 reditum
1066 485 1224 565 invitante,
1254 485 1497 551 existimavimus

247 601 278 666 te
300 599 417 685 optima
432 599 555 666 ¹ratione
578 619 783 685 quaecumque
805 602 917 668 faceret
939 600 1043 667 omnia
1065 620 1162 686 agere,
1186 600 1416 685 doctissimique
1438 603 1495 667 ho·

247 716 342 782 minis
372 717 403 782 et
431 715 492 781 tibi
522 716 698 782 fidelissimi
727 717 874 782 virtutem
902 736 964 783 non
992 717 1095 784 minus
1124 716 1183 784 tibi
1212 719 1403 800 praesentem
1432 718 1496 784 fore

248 832 440 898 commodam
462 851 497 897 ac
526 851 602 915 quse
625 834 736 899 absens
759 833 919 899 extitisset.
967 831 1026 898 Sed
1048 852 1118 899 cum
1140 809 1320 900 eo'bomine
1349 833 1497 917 prudente

249 950 281 1013 et
302 947 391 1013 uobis
413 947 503 1013 valde
533 949 667 1032 probato,
697 949 757 1015 etsi
786 949 820 1013 in
842 948 1027 1033 quotidianis
1053 948 1243 1014 sermonibus
1266 949 1379 1015 nostris
1401 949 1496 1016 libore

247 1065 279 1129 et
301 1065 403 1147 aperte
425 1063 716 1130 communicavimus
739 1064 887 1148 quantum
910 1063 1067 1130 serenitati
1087 1065 1158 1130 tuae
1173 1064 1315 1130 omnibus
1338 1064 1374 1131 de
1397 1064 1497 1132 causis

248 1179 352 1246 omnia
375 1179 561 1259 deberemus,
591 1180 643 1264 qui
665 1181 719 1245 tua
747 1179 983 1245 innumerabilia
1006 1179 1223 1263 propemodum
1244 1197 1317 1264 erga
1345 1175 1412 1246 nos¹
1425 1181 1498 1246 dum

246 1295 280 1361 in
303 1295 472 1362 minoribus
495 1315 631 1364 essemus
653 1295 807 1376 beneficia,
829 1295 863 1361 iu
884 1295 963 1361 banc
986 1296 1123 1362 sanctam
1147 1295 1250 1361 sedem
1264 1295 1365 1361 officia
1386 1314 1495 1380 possu-

248 1431 319 1478 mus
341 1430 586 1491 commemorare,
608 1413 718 1496 quibus
742 1412 770 1478 si
791 1411 816 1476 ii
838 1431 944 1476 sumus
967 1411 1020 1495 qui
1042 1431 1108 1478 osse
1130 1410 1275 1478 debemus
1297 1411 1381 1477 omni
1397 1411 1497 1496 gratia

250 1526 348 1594 simus
370 1527 525 1604 obstricti3
549 1528 654 1594 tamen
676 1527 829 1594 voluimus
852 1527 991 1594 redeunti
1012 1527 1073 1610 ipsi
1087 1527 1144 1592 hes
1167 1527 1287 1594 nostras
1311 1527 1350 1593 ad
1372 1528 1404 1592 te
1426 1527 1497 1593 dere

247 1643 368 1710 litteras
391 1643 501 1729 quibus
516 1662 581 1724 nos,
603 1663 665 1710 non
680 1643 849 1710 necessario
865 1641 956 1730 (satis
979 1643 1062 1708 enim
1084 1643 1148 1709 iam
1169 1645 1284 1710 testata
1302 1644 1382 1728 apud
1404 1644 1498 1709 teest

248 1760 389 1826 voluntas
411 1757 530 1846 nostra)
555 1759 608 1826 aod
630 1761 665 1826 ut
694 1760 796 1827 animo
821 1759 883 1843 ipsi
911 1760 1015 1826 nostro
1046 1779 1163 1827 morem
1184 1779 1366 1844 gereremus,
1396 1759 1496 1844 signi·

249 1875 409 1941 dicaremus
431 1875 491 1940 tibi
511 1895 668 1960 nunquam
690 1894 746 1942 nos
768 1874 926 1958 posituros
942 1875 1124 1942 memoriam
1146 1877 1217 1942 trae
1239 1877 1401 1960 perpetuae
1425 1895 1497 1960 erga

248 2007 304 2057 nos
327 1991 509 2056 voluntatis:
538 1992 661 2057 etcum
683 1990 787 2057 omnia
808 2009 885 2075 quae
907 1992 961 2056 aut
982 1991 1041 2057 Dei
1071 2010 1126 2076 ope
1149 1992 1202 2057 aut
1224 1993 1329 2057 nostra
1351 1992 1497 2057 facultate

248 2104 416 2189 poterimus
440 2105 639 2193 (quamquam
661 2107 761 2173 omnis
776 2107 881 2173 nostra
902 2105 1033 2172 facultas
1049 2125 1067 2172 a
1081 2105 1146 2173 Deo
1169 2104 1230 2194 est)
1249 2107 1283 2173 in
1305 2106 1352 2172 tui
1373 2107 1496 2172 honoris

249 2221 484 2306 amplitudinem
507 2221 668 2306 egerimus,
690 2222 780 2307 longe
803 2221 897 2288 otiam
920 2223 988 2288 tum
1009 2223 1153 2288 inferiora
1175 2223 1238 2288 tuis
1254 2222 1373 2289 meritis
1397 2221 1498 2288 studia

249 2336 354 2402 nostra
382 2355 449 2403 esse
478 2338 713 2404 existimaturos.
759 2335 819 2403 Sed
847 2336 923 2403 haec
953 2338 1066 2423 scripta
1095 2338 1225 2404 anobis
1255 2356 1336 2403 nuno
1366 2337 1500 2404 breviter

249 2451 408 2536 meumque
428 2453 582 2538 praeterea
604 2452 637 2519 iu
661 2453 851 2520 sermonibus
874 2454 1014 2534 bacam,
1037 2453 1136 2520 eidem
1158 2453 1288 2520 Ricardo
1311 2452 1424 2519 oratori
1446 2455 1499 2518 tuo

248 2565 344 2632 latius
372 2567 443 2634 tuae
479 2569 637 2634 serenitati
670 2569 844 2654 exponenda
873 2569 1092 2650 commisimus,
1122 2569 1170 2636 cui
1200 2573 1296 2636 serm.
1325 2571 1379 2634 tua
1408 2567 1500 2634 fidem

252 2680 418 2750 adhibebit
463 2683 580 2750 Datum
602 2684 718 2752 Romae
739 2684 787 2751 iiii
808 2685 915 2752 Martii
937 2686 1068 2752 mdrriv.
1112 2684 1201 2752 Anno
1223 2685 1332 2770 primo.

862 2999 892 3066 Ί.

746 3175 1005 3263 Eboracenst.1)

337 3341 455 3409 Dilecta
477 3343 524 3410 fili
544 3345 656 3410 noster.
701 3344 857 3410 Redeunte
887 3343 926 3410 ad
955 3345 1051 3412 istum
1074 3364 1193 3412 sernum.
1221 3367 1325 3432 regem
1355 3349 1386 3412 et
1408 3347 1446 3412 ad
1470 3349 1501 3412 ta

249 3457 359 3524 dilecto
388 3457 452 3524 filio
474 3458 604 3526 Ricardo
626 3459 723 3526 Pacoo
746 3460 799 3544 qui
821 3461 949 3528 oratoris
970 3481 1131 3546 personam
1156 3481 1270 3546 magna
1296 3483 1365 3527 cum
1388 3463 1447 3528 fide
1470 3466 1501 3527 et

249 3574 283 3639 in
305 3573 447 3640 omnibus
477 3575 567 3640 rebus
597 3574 760 3658 prudentia
788 3576 895 3656 tenuit,
924 3577 985 3643 etsi
1013 3596 1084 3642 cum
1106 3596 1140 3644 eo
1170 3596 1258 3660 saepo
1281 3577 1318 3643 de
1340 3577 1379 3642 iis
1409 3579 1499 3643 robus

250 3707 327 3774 quae
348 3689 383 3756 in
404 3691 469 3756 dies
492 3689 671 3756 eveniebant
692 3691 787 3757 locuti
809 3691 947 3758 animum
969 3693 1109 3758 uosbnm
1131 3693 1180 3758 illi
1202 3693 1400 3777 patefecimus
1424 3712 1496 3758 oon-

250 3824 374 3872 versum
396 3805 497 3872 totum
519 3804 559 3871 ad
580 3805 823 3873 benevolentiam
852 3827 925 3891 erga
947 3825 1004 3874 uos
1025 3807 1116 3872 istius
1145 3807 1344 3874 invictissimi
1365 3808 1446 3892 regis
1469 3809 1500 3874 et

344 4055 362 4118 ¹)
379 4055 479 4107 monas
496 4059 590 4114 Walter
607 4056 737 4107 cardinalis
750 4058 900 4107 Ebornoonsie
916 4059 973 4107 tuno
990 4060 1169 4119 potentissimus
1183 4058 1278 4108 Raurici
1291 4060 1343 4108 Viti
1355 4061 1499 4120 administer,

251 4157 342 4216 humili,
361 4156 401 4204 rod
419 4155 519 4206 honesto
537 4169 619 4214 venere
637 4157 716 4216 uatus,
740 4157 866 4206 maximum
884 4156 985 4205 devorem
1009 4157 1070 4218 apud
1091 4157 1216 4206 Horridum
1234 4157 1275 4204 vlt
1293 4158 1393 4218 adeptus
1415 4159 1452 4206 est
1470 4159 1499 4205 ob

251 4255 331 4303 saliem
348 4256 466 4304 numana
484 4269 535 4304 cunr
554 4257 695 4316 imperatore
716 4255 875 4304 dissimilium
893 4254 997 4304 habitos.
1032 4256 1067 4303 Ad
1089 4269 1221 4316 svvpreurunr
1239 4255 1390 4316 pontificatus
1410 4257 1498 4316 apicem

251 4365 298 4401 non
316 4353 388 4402 dubia
409 4354 537 4403 ambitione
554 4353 677 4403 muamus
694 4353 777 4415 terum,
802 4355 873 4412 etque
897 4353 942 4402 bac
963 4365 1007 4402 aaa
1025 4365 1066 4414 ape
1084 4353 1213 4401 destitutus
1237 4354 1359 4414 praecipue
1377 4356 1432 4414 post
1452 4353 1500 4401 lie·

249 4451 326 4502 aaut
344 4451 363 4498 V
381 4453 487 4514 moram,
513 4465 540 4501 ac
558 4451 788 4503 admoderamen
806 4464 873 4503 enarr
891 4465 905 4501 a
923 4449 1021 4504 Caesare
1044 4451 1240 4501 armaturarum
1262 4451 1335 4502 inim
1353 4451 1499 4513 burmann,
