3380 5088
784 343 1028 410 ...255-

141 623 144 628 1
276 534 311 602 ub
333 533 473 602 Obristrrs
495 535 577 602 um
600 553 688 602 umes
703 536 797 604 ieoiet
818 537 1007 623 triumphare
1030 541 1099 608 tum
1119 541 1225 608 oontm
1247 541 1326 627 legis
1349 560 1404 609 sue
1425 543 1528 610 bootes

275 650 496 734 perfidissimos
511 651 633 732 Turnus,
655 671 748 738 quem
770 653 972 722 domesticum
995 655 1061 722 eins
1082 656 1251 734 inimioum
1273 657 1429 741 vipereum
1443 659 1527 725 virus

276 767 309 833 in
331 767 490 834 eoelesinm
513 767 578 835 eius
593 770 791 850 evomentem,
814 789 868 854 pro
890 788 950 855 quo
964 772 1141 856 extirpando
1156 774 1305 857 quantum
1321 774 1435 841 loboris
1458 793 1525 841 mo-

277 882 424 967 lestieqne
445 884 476 948 et
498 883 625 967 perienli
654 884 872 970 insumpserim
900 887 1123 971 uupenmel
1151 890 1307 972 expectem
1335 888 1443 957 eedem
1474 909 1525 957 oo-

275 999 402 1082 gnoseet
424 1017 460 1066 ex
482 999 628 1066 relatione
650 1001 763 1084 profusi
785 1001 847 1068 dni
871 1003 984 1070 Petri‘

871 1265 942 1331 199.

277 1425 440 1490 Clemens
463 1428 535 1490 Vll.
562 1429 670 1490 Petro
692 1431 884 1490 Franolsoo
907 1431 1097 1491 Leonemlo
1120 1431 1250 1491 clerieo
1277 1431 1414 1492 tenensi
1440 1433 1526 1490 clul-

571 1548 655 1606 tatis
678 1551 826 1606 nostrae
849 1549 970 1636 lisslsll
993 1546 1226 1607 cancellario.

558 1653 665 1742 (clem.
681 1655 751 1722 VH.
768 1655 913 1721 Bresioi
929 1656 953 1722 l
969 1675 1014 1742 ep.
1032 1659 1082 1725 73.
1098 1655 1149 1722 fol
1168 1655 1254 1742 122).

760 1773 825 1858 (26.
849 1772 919 1838 Deo.
940 1771 1048 1858 1523).

367 1931 486 1997 Dileebe
509 1932 555 1998 fili
570 1934 626 1998 eto.
665 1933 811 2000 Veientes
833 1934 865 1998 te
878 1901 924 1999 ob
940 1933 1080 2018 egregins
1094 1932 1224 1998 obtutes
1247 1933 1325 2012 tues
1347 1933 1380 2000 et
1394 1931 1527 2000 sinoeree

277 2047 447 2116 devotionis
464 2047 615 2124 effoetum,
638 2067 730 2132 quem
753 2048 793 2114 etl
814 2067 871 2115 nos
893 2050 924 2115 et
938 2049 1110 2116 Rumonem
1124 2048 1293 2116 lloolesium
1316 2065 1420 2133 gerere
1442 2067 1525 2115 oom-

278 2163 424 2248 probsris,
455 2165 637 2248 speoislibus
666 2164 821 2231 lusoribus
849 2166 882 2232 et
903 2164 1013 2249 grutiis
1035 2165 1185 2250 prosequi
1208 2166 1243 2231 ut
1273 2163 1395 2242 essenis
1424 2163 1528 2232 dileoti

276 2277 337 2344 filii
357 2279 456 2346 nostri
478 2277 567 2347 Siluii
590 2279 676 2346 tituli
691 2281 790 2347 senoti
809 2280 966 2346 Isuroutii
987 2280 1021 2347 in
1035 2281 1151 2346 Luoinn
1173 2279 1342 2365 presbyteri
1364 2279 1528 2348 terdinnlis

277 2393 440 2461 lumilisris
454 2395 615 2462 eontinuns
630 2397 846 2462 oommeusnlis
861 2396 975 2474 existis,
998 2397 1030 2462 et
1051 2396 1129 2463 nlius
1144 2396 1178 2463 in
1192 2395 1373 2464 ouucellerie
1393 2395 1528 2462 uuum

277 2513 399 2578 nostroe
421 2511 536 2578 lesisii
557 2531 611 2596 per
631 2513 749 2579 eertum
772 2511 805 2579 in
821 2513 961 2596 pertibus
984 2511 1049 2580 illis
1064 2511 1258 2597 spostolicae
1281 2509 1369 2579 Sedis
1391 2512 1528 2596 legatum

277 2627 441 2694 sufficienti
463 2628 503 2694 etl
517 2627 557 2708 id,
580 2631 616 2695 ut
629 2627 785 2708 uessritur,
807 2629 958 2712 potestote
973 2628 1128 2696 munitum
1149 2627 1329 2712 deputatum
1351 2626 1460 2694 deinde
1474 2645 1527 2711 per

275 2742 374 2810 sebois
396 2742 613 2810 reeordetiouis
635 2743 767 2810 leonem
783 2744 899 2828 Pepem
915 2743 953 2809 ll
976 2743 1236 2828 pruedeoossorem
1260 2744 1400 2810 nostrum
1421 2745 1526 2809 euob-

275 2859 368 2926 ritete
388 2859 556 2943 spostolioe
584 2858 782 2926 oonlirmebrs
806 2859 902 2937 misti.
931 2859 1004 2926 lieet
1032 2859 1217 2944 quibusdem
1246 2858 1528 2943 supervenientibus

274 2973 512 3059 impedimentis,
527 2974 751 3059 possessionem
766 2975 851 3042 illius
867 2993 928 3042 non
943 2975 1036 3042 bruris
1045 2976 1212 3052 essecutus,
1226 2973 1333 3042 eedem
1348 2973 1529 3042 ouetontete

274 3090 307 3157 be
328 3089 543 3158 cunoellorium
566 3090 665 3157 (linteo
679 3090 814 3158 elumbe
837 3091 877 3157 etl
891 3089 1116 3174 beneplacitum
1138 3091 1278 3157 nostrum
1292 3089 1431 3167 issimus,
1454 3107 1527 3156 oon·

277 3205 452 3284 stituimus,
482 3206 679 3290 deputemus,
708 3206 826 3291 tibique
855 3205 990 3273 offioium
1021 3205 1211 3290 praediolum
1241 3224 1311 3272 oum
1333 3205 1476 3272 omnibus
1498 3207 1529 3270 et

275 3321 409 3406 singulis
424 3321 510 3388 illins
526 3321 699 3400 bonoribus,
721 3321 872 3402 oneribus,
896 3321 1007 3388 surio
1028 3323 1060 3388 et
1074 3321 1290 3388 emolumentis
1304 3320 1458 3386 eonsuetis
1476 3338 1529 3404 per

276 3439 307 3506 te
328 3439 440 3521 ipsum,
463 3438 513 3504 vel
533 3437 677 3506 idoneum
700 3437 904 3504 substitutum
925 3437 965 3504 ud
985 3436 1018 3503 id
1040 3453 1095 3520 per
1116 3437 1148 3503 te
1169 3435 1386 3520 repetentum,
1416 3455 1526 3520 regem

276 3552 359 3632 tum,
382 3556 413 3620 et
428 3553 625 3622 exercendum
640 3553 833 3621 oonoedimus
855 3553 1087 3638 mulbgsmum
1106 3551 1288 3620 rumientes
1309 3552 1431 3618 dilectis
1454 3551 1527 3618 filiis

275 3669 378 3754 legato
401 3671 433 3736 et
454 3669 643 3738 tbemumrio
670 3669 841 3754 prorinoiee
869 3671 993 3736 nesure
1022 3667 1177 3746 omenes.
1207 3687 1261 3736 nee
1289 3686 1350 3734 uon
1377 3667 1528 3751 prioribus

276 3787 309 3850 eb
330 3785 513 3852 offioiolibus
535 3785 635 3852 diotee
656 3784 807 3864 evitem,
836 3803 873 3851 eo
894 3785 1036 3852 omnibus
1065 3788 1098 3852 et
1120 3783 1253 3868 singolis
1275 3783 1361 3861 eliis,
1391 3783 1431 3850 ed
1453 3799 1528 3867 quos

275 3901 416 3983 pertinet,
440 3902 497 3968 sub
519 3919 615 3985 poene
629 3900 851 3985 indignationis
873 3901 1004 3978 nostrse,
1027 3901 1176 3984 quotenus
1191 3900 1231 3977 eu
1254 3901 1286 3966 et
1307 3899 1437 3964 eundern
1453 3898 1527 3964 sub·

277 4015 421 4082 stitutum
444 4015 482 4082 od
511 4016 646 4083 officium
674 4015 851 4084 huiusmodi
877 4015 1002 4100 eiusque
1032 4015 1162 4082 libonem
1191 4013 1383 4094 exercitium,
1412 4031 1528 4080 neonon

277 4133 415 4211 honores,
438 4150 538 4211 onere,
570 4132 717 4198 selunnm
740 4133 772 4198 ot
793 4131 998 4198 emolumento
1027 4130 1183 4216 praediolo
1212 4131 1326 4216 ubsque
1348 4129 1453 4214 ulique
1474 4147 1527 4194 er·

278 4247 423 4331 ceptione,
452 4247 500 4314 vel
522 4246 669 4314 dilabens
691 4247 867 4326 admittent,
896 4245 1012 4330 tibique
1035 4246 1072 4312 de
1096 4246 1225 4324 soleriis,
1254 4247 1286 4311 et
1314 4243 1528 4311 emolumentis

278 4363 440 4448 praedietis
464 4361 682 4448 temporalibus
712 4362 854 4447 oongnris
876 4360 995 4447 integre
1025 4361 1199 4446 responderi
1229 4360 1358 4440 bolant,
1387 4377 1449 4426 non
1471 4359 1527 4424 ob·

277 4479 433 4555 stantibus
460 4478 729 4564 constitutionibus
752 4481 783 4546 et
805 4477 1046 4546 orelinetionibus
1069 4477 1254 4562 apostolicis,
1283 4494 1318 4542 eo
1339 4473 1476 4542 oirilutis
1498 4477 1530 4540 el
