3400 5088
659 323 1025 400 -iii-·

156 536 187 601 st
202 535 320 601 1111111
335 533 429 601 etiam
445 531 555 600 salutis
571 549 606 597 ac
621 530 783 616 dignitatis
798 549 870 596 cura
885 530 1032 597 sollicitos
1047 530 1148 598 habet.
1193 530 1259 597 Nos
1275 532 1406 617 quidem,

156 651 285 735 atquae
309 667 327 715 a
349 648 435 715 vobis
457 649 605 714 hactenus
620 649 708 732 gesta
730 648 802 712 sunt
823 647 952 713 mirifice
974 647 1232 726 commendemus,
1255 648 1408 733 dignaque

157 766 381 833 existimatione
410 766 566 831 vostrast
594 763 716 829 nomine
739 763 907 847 sapientiae
935 763 1182 847 quodcbtinetis
1206 762 1354 844 ducimus,
1377 767 1408 830 et

157 883 190 948 in
211 882 349 948 futurum
371 883 407 948 ut
429 880 526 946 simili
548 879 652 946 animo
676 877 831 962 similique
852 879 965 944 virtute
988 898 1042 962 pro
1065 878 1123 944 Dei
1146 880 1269 946 nomine
1292 899 1327 946 ac
1348 881 1405 947 bo·

159 1017 229 1064 nore
257 997 402 1082 regnique
431 997 522 1062 istius
545 996 651 1060 111111
678 994 807 1079 impiam
836 996 916 1061 hanc
938 994 1140 1061 hereticorum
1169 998 1286 1080 pestem
1311 999 1409 1063 salute

161 1112 322 1178 excubatis.
368 1112 551 1178 Devoticues
574 1112 692 1176 vestras
720 1111 888 1195 plurimum
917 1111 950 1176 in
973 1111 1112 1176 Domino¹
1131 1112 1304 1187 hortamur:
1334 1133 1410 1197 quae

159 1231 191 1296 in
214 1231 270 1294 boc
293 1247 380 1312 opere
402 1228 535 1293 maxime
557 1228 588 1292 et
610 1226 744 1310 gratiam
767 1225 846 1310 apud
869 1226 969 1292 Deum
998 1229 1029 1292 et
1052 1227 1173 1293 laudem
1203 1229 1283 1312 apud
1305 1249 1411 1295 omnes

159 1344 299 1410 bomines
322 1345 394 1408 sunt
408 1342 641 1427 promeriturum
664 1342 713 1406 cui
729 1342 823 1406 etiam
845 1342 928 1426 operi
944 1361 999 1408 nos
1022 1342 1060 1407 ad
1076 1362 1198 1409 omnem
1221 1363 1309 1428 opem
1324 1347 1410 1412 vobis

159 1460 343 1528 afferendam
365 1478 486 1525 omnem
509 1459 646 1525 nostram
669 1458 882 1524 auctoritatem
905 1477 1007 1523 curam
1031 1458 1166 1524 laborem
1183 1460 1319 1525 studium
1342 1481 1411 1528 cum

159 1577 291 1643 Domino
314 1575 500 1660 pollicemur.
547 1575 662 1639 Datum
685 1575 801 1641 Romae
823 1576 879 1640 etc.
903 1574 952 1640 die
975 1595 1021 1640 nn.
1045 1573 1122 1640 Maii
1145 1575 1263 1642 rndrrv.
1302 1578 1410 1644 Ponti-

160 1692 269 1760 1111111
291 1691 390 1758 nostri
411 1709 489 1757 anno
513 1689 650 1756 secundo.

754 1951 826 2017 108.

564 2117 790 2176 universitati
813 2117 1012 2178 parisiensi.

250 2272 364 2338 Dilecti
384 2270 443 2336 lilii
465 2271 596 2336 salutem
619 2272 674 2336 etc.
719 2271 756 2336 ln
778 2271 836 2336 hac
858 2272 1020 2354 pastoralis
1044 2273 1136 2340 officii
1151 2294 1231 2356 cura,
1255 2298 1333 2362 quae
1356 2299 1411 2346 nos

161 2407 271 2472 parum
292 2407 328 2453 er
351 2386 467 2452 viribus
490 2386 604 2452 nostris
626 2385 771 2464 valentes,
804 2387 831 2450 si
853 2387 912 2452 Dei
934 2388 1152 2472 omnipotentis
1182 2393 1329 2459 auxilium
1352 2416 1414 2462 non

162 2502 283 2571 adesset
296 2502 401 2587 procul
422 2503 507 2568 omni
521 2501 711 2568 dubitatione
726 2501 889 2568 destitutos
905 2503 1097 2586 opprimeret,
1120 2507 1219 2572 multa
1235 2512 1314 2589 sunt,
1338 2531 1414 2596 quae

163 2619 214 2686 his
229 2619 407 2704 periculosis
423 2617 658 2700 difficilibusque
681 2618 869 2701 temporibus
885 2618 1027 2684 stimulos
1043 2621 1131 2686 nobis
1147 2623 1274 2690 afferant
1289 2626 1414 2694 diurnae

164 2736 386 2818 nocturnaeque
409 2733 633 2811 sollicitudinis,
664 2751 736 2798 nam
759 2736 791 2798 11
812 2733 954 2800 omnibus
977 2741 1038 2800 iere
1061 2735 1206 2803 interris
1229 2741 1413 2810 christiano-

164 2870 234 2916 rum
255 2850 379 2916 turbata
400 2867 472 2932 par,
502 2851 533 2914 et
554 2867 663 2933 graves
686 2849 724 2914 ab
747 2849 877 2915 immani
898 2849 996 2914 Turca
1024 2851 1057 2915 iu
1081 2854 1171 2936 caput
1199 2858 1339 2924 nostrum
1361 2857 1412 2925 in·

165 2967 269 3032 tentae
296 2964 434 3044 insidiae,
463 2967 494 3030 et
515 2965 627 3048 ubique
649 2983 750 3029 rerum
773 2965 911 3031 omnium
933 2965 1069 3032 condrsio
1092 2986 1127 3032 ao
1150 2972 1337 3051 perturbatio
1360 2995 1415 3042 nos

169 3100 280 3166 angore
307 3080 403 3148 animi
432 3083 463 3148 et
485 3080 628 3146 molestia
650 3080 754 3160 afficit,
785 3083 902 3147 utnon
933 3083 1054 3147 tantum
1077 3084 1230 3165 possimus
1259 3089 1416 3171 providere

169 3198 270 3264 labore
293 3199 324 3262 et
346 3197 482 3275 oonsilio,
510 3196 590 3280 quod
612 3199 691 3262 certe
714 3197 811 3262 facere
840 3215 996 3281 nunquam
1019 3197 1203 3280 destitimus,
1233 3205 1347 3287 quanta
1370 3209 1418 3272 est

171 3313 321 3380 malorum
344 3313 441 3378 moles
464 3329 540 3395 quae
562 3329 617 3378 nos
641 3312 767 3396 premit:
792 3311 844 3376 sed
867 3312 983 3396 reliqua
1006 3313 1147 3380 fortassis
1162 3320 1265 3384 essent
1287 3319 1419 3402 ferenda,

170 3427 234 3494 vita
256 3427 339 3495 enim
361 3429 392 3492 et
414 3427 553 3493 fortuma
581 3429 612 3492 et
634 3425 801 3512 dignitates
831 3428 921 3511 atque
942 3427 1079 3507 honores,
1109 3430 1161 3514 qui
1191 3434 1344 3500 terrenum
1367 3455 1417 3502 sa-

171 3543 260 3627 piunt
280 3543 311 3626 si
332 3542 456 3609 veniant
478 3542 511 3607 in
534 3541 706 3620 discrimen,
729 3543 783 3607 aut
806 3542 833 3607 si
855 3543 949 3608 etiam
972 3543 1148 3626 eripiantur,
1172 3549 1219 3613 est
1234 3547 1364 3618 fortasse
1382 3553 1421 3620 ad

173 3677 297 3726 sensum
319 3677 381 3724 non
402 3657 566 3724 mediocris
585 3657 639 3724 illc
660 3655 760 3734 dolcr;
782 3656 947 3724 fidentibus
962 3659 1085 3743 quidem
1107 3662 1140 3728 in
1156 3663 1287 3730 Domino
1302 3666 1367 3733 Deo
1389 3671 1421 3736 et

173 3773 207 3840 in
228 3773 283 3840 illc
306 3791 391 3856 spem
415 3791 505 3840 suam
527 3772 742 3857 reponentibus
770 3774 913 3857 paratum
935 3775 983 3839 111
1006 3775 1137 3843 sublime
1159 3779 1329 3864 celestaque
1351 3799 1421 3867 per-

176 3888 303 3974 fugium,
332 3888 366 3954 in
388 3906 446 3972 quo
469 3907 567 3972 neque
588 3887 673 3954 dolor
702 3907 798 3973 neque
820 3908 903 3955 mors
926 3891 1007 3955 ultra
1030 3895 1086 3970 est,
1109 3893 1162 3960 sed
1186 3896 1274 3961 baala
1297 3901 1329 3964 et
1349 3900 1424 3966 felir

176 4003 402 4071 immortalitas.
447 4003 490 4070 At
512 4003 540 4070 si
561 4003 619 4070 hoo
640 4004 813 4088 perfugium
835 4005 915 4089 quod
939 4025 1113 4088 supremum
1136 4011 1167 4074 et
1188 4011 1426 4098 incomparabile

176 4123 225 4186 est
245 4119 340 4186 etiam
362 4119 465 4204 ipsum
486 4120 621 4186 tentetur
642 4119 762 4199 auferri,
784 4122 852 4186 tum
874 4139 943 4186 uero
965 4122 1045 4188 nibil
1066 4127 1114 4189 est
1135 4124 1169 4191 in
1191 4129 1275 4195 omni
1297 4132 1425 4198 1111111-

177 4236 241 4300 tata
256 4236 329 4324 ,1111
351 4253 452 4319 gave,
482 4234 562 4318 quod
582 4235 655 4302 buia
683 4235 766 4303 malo
788 4253 844 4320 par
865 4255 933 4303 esse
955 4239 1068 4322 possit,
1097 4241 1128 4305 et
1149 4243 1254 4310 tamen
1276 4244 1333 4312 boo
1355 4266 1425 4331 per-

178 4351 299 4436 fugium
321 4350 401 4434 quod
423 4350 613 4418 altissimum
636 4370 654 4416 a
676 4351 741 4417 Deo
764 4351 899 4436 positum
922 4355 978 4432 111
1007 4373 1066 4439 quo
1088 4373 1150 4422 non
1172 4359 1288 4424 accedit
1310 4363 1428 4428 malum

180 4485 277 4550 neque
303 4465 462 4551 flagellum
492 4465 728 4551 appropinquat,
758 4467 924 4536 extiterunt
946 4471 1046 4536 aetate
1075 4473 1179 4538 nostra
1208 4474 1297 4558 impii
1319 4477 1350 4542 et
1372 4497 1427 4543 ne·

201 4573 204 4580 '
1212 4580 1270 4649 10*
