3366 5084
759 271 981 346 ...[6...

245 473 425 540 auctoritate
454 475 486 540 et
514 473 676 558 prudentie
705 474 844 559 publicae
875 475 966 541 sclut'
997 473 1092 541 totius
1116 472 1299 541 Germaniae
1321 474 1423 541 fauere
1443 471 1495 540 in·

243 589 405 671 tollereris,
428 590 692 675 circumspectioni
706 591 777 657 tuae
792 591 991 676 iniungimus,
1015 569 1243 676 rationibusque
1259 591 1400 657 omnibus
1415 592 1497 657 ultro

245 709 276 771 et
297 707 374 773 citro
397 706 496 786 dictis,
520 707 548 772 si
569 707 629 773 tibi
650 707 695 772 ita
710 707 849 773 videatur
872 706 911 772 ad
933 727 989 774 nos
1011 708 1133 788 referas,
1156 726 1212 773 nos
1234 707 1317 773 enim
1332 707 1372 772 ad
1394 707 1497 772 omnia

245 821 374 888 honesta
406 822 437 888 et
467 822 615 888 salutaria
644 823 772 890 consilia
798 823 990 889 voluntatem
1020 843 1148 890 manum
1177 823 1441 890 accomodabimus
1465 823 1496 888 et

244 937 468 1004 auctoritatem:
500 938 580 1023 quod
609 939 636 1005 si
669 939 734 1004 sinc
764 939 864 1022 aliquo
893 939 981 1024 graui
1016 941 1102 1006 motu
1131 959 1185 1023 per
1218 939 1393 1024 generalem
1422 957 1495 1023 ger·

244 1054 365 1119 maniae
380 1055 561 1119 conuentum
575 1055 732 1138 providere
746 1055 818 1120 huic
832 1054 1042 1121 reformationi
1056 1074 1118 1122 non
1132 1074 1222 1140 posse
1236 1054 1366 1121 udone:
1382 1053 1496 1137 poteris

244 1171 279 1234 tu
302 1169 330 1234 si
351 1169 397 1234 ita
419 1169 578 1254 expediens
607 1171 699 1236 buerit
722 1172 752 1235 et
773 1189 828 1255 per
850 1171 882 1236 te
904 1171 935 1236 et
956 1189 1010 1255 per
1032 1170 1155 1237 eosdem
1181 1171 1313 1255 optimos
1343 1169 1496 1254 principes

244 1286 298 1369 qui
325 1286 383 1351 hoc
411 1286 519 1369 optant
547 1286 732 1367 indicatum,
763 1287 963 1371 particulares
992 1287 1091 1354 facere
1122 1285 1361 1365 reformationes,
1393 1286 1425 1350 et
1456 1283 1495 1350 ad

244 1401 481 1484 postulationem
510 1402 690 1487 populorum
722 1403 775 1488 qui
797 1402 834 1468 de
863 1403 937 1469 cleri
965 1403 1087 1470 iniuriis
1109 1403 1267 1488 conquesti
1293 1401 1415 1481 inormi,
1438 1400 1495 1466 ad·

244 1516 411 1601 libitisque
432 1518 535 1584 tecum
550 1537 602 1584 sex
617 1520 670 1584 aut
693 1520 759 1585 octo
774 1519 951 1604 germaniae
972 1519 1118 1604 praelatis
1134 1517 1311 1585 correctioni
1326 1517 1494 1582 intendere:

243 1651 300 1698 nos
332 1634 363 1698 et
389 1634 444 1698 tua
474 1634 635 1717 prudentia
666 1635 757 1718 atque
796 1635 933 1701 doctina
962 1636 1130 1719 plurimum
1160 1634 1341 1702 confidimus
1371 1635 1402 1698 et
1430 1633 1495 1698 illis

244 1749 366 1833 eginum
380 1749 569 1834 principibus
584 1750 700 1834 gratias
716 1769 844 1836 quorum
866 1751 901 1816 tu
920 1751 1061 1816 sanctum
1082 1751 1273 1834 propositum
1287 1749 1494 1834 optimamque

243 1865 433 1931 uoluntatem
456 1865 496 1931 ad
516 1884 572 1932 nos
594 1864 808 1950 perscripsisti,
831 1866 1015 1950 illorumque
1037 1867 1162 1933 nomina
1186 1864 1261 1954 (non
1283 1864 1367 1931 enim
1387 1882 1441 1949 por
1463 1867 1495 1930 te

245 1979 360 2063 scripta
382 1977 467 2067 suut)
491 1999 616 2046 avemus
638 1981 827 2066 intelligere:
850 2000 909 2066 quo
932 2000 1071 2048 amemus
1086 1981 1182 2048 etiam
1203 1981 1304 2066 magis
1327 1999 1402 2065 quos
1425 1999 1494 2046 ma·

245 2113 377 2179 gnopere
399 2094 567 2180 diligimus.
613 2096 660 2162 Tu
682 2098 774 2181 atque
795 2097 845 2163 illi
865 2097 968 2162 iuncto
998 2116 1069 2163 oum
1090 2097 1248 2163 voluntate
1276 2096 1356 2162 bona
1378 2096 1494 2180 optimo

242 2211 337 2276 etiam
360 2211 495 2292 consilio,
524 2231 601 2295 quae
623 2212 663 2278 ad
685 2213 817 2278 salutem
846 2213 878 2278 et
899 2231 1005 2297 pacem
1034 2211 1217 2278 Germaniae
1238 2211 1442 2296 pertinebunt,
1465 2213 1496 2276 et

244 2328 345 2392 vestra
373 2327 487 2392 uirtute
515 2347 551 2392 ao
580 2327 741 2411 diligentia
769 2328 979 2412 procurabitis,
1009 2331 1041 2394 et
1071 2329 1159 2396 nobis
1186 2331 1259 2394 nota
1288 2327 1412 2393 reddere
1434 2345 1495 2393 non

118 2477 121 2484 ,
243 2443 441 2525 postponatis.
486 2443 603 2509 Datum
618 2445 733 2510 Romae
755 2445 811 2510 eto.
836 2443 1062 2529 decimaquarta
1076 2443 1192 2528 Aprilis
1215 2443 1361 2510 mclxxiiii
1406 2444 1496 2508 Anno

243 2557 349 2641 primo.

847 2759 897 2825 13.

668 2901 847 2964 cardinali
870 2903 1074 2979 Campegio.

332 3054 450 3120 Dilecto
472 3055 534 3121 lili
555 3057 659 3122 noster
681 3058 736 3124 etc.
769 3055 900 3123 Gratum
921 3057 1010 3123 nobis
1034 3056 1198 3123 admodum
1220 3057 1280 3122 fuit
1302 3076 1338 3123 es
1360 3055 1491 3122 circum·

244 3170 407 3254 spectionis
430 3171 500 3238 tuac
523 3172 635 3238 litteris
650 3173 823 3258 intelligere
845 3173 993 3257 postulari
1016 3193 1034 3238 a
1056 3175 1087 3238 te
1109 3193 1162 3257 per
1184 3193 1234 3240 eos
1256 3173 1418 3257 principes,
1441 3171 1494 3254 qui

242 3286 276 3352 in
303 3286 364 3352 isto
388 3288 537 3352 conventu
560 3285 742 3353 Germaniae
771 3288 950 3372 congregati
978 3288 1092 3374 sunt1),
1122 3291 1154 3354 et
1183 3307 1312 3372 quorum
1340 3286 1439 3352 virtus
1462 3287 1494 3350 et

243 3402 388 3468 nobilitas
411 3403 544 3468 maxime
565 3402 704 3486 publicae
720 3403 815 3469 saluti
835 3402 954 3469 intenta
978 3405 1033 3482 est,
1055 3404 1090 3468 ut
1107 3401 1144 3467 ad
1163 3402 1371 3468 reformandos
1394 3420 1494 3468 mores

243 3518 317 3584 oleri
339 3515 521 3584 Germaniae
544 3517 655 3602 aliquis
678 3521 842 3585 conventus
871 3518 1037 3599 indicatur,
1060 3519 1094 3583 in
1115 3536 1174 3602 quo
1197 3520 1231 3583 tu
1253 3516 1364 3583 debeas
1387 3518 1492 3582 auoto-

242 3633 333 3699 ritate
356 3634 387 3698 et
408 3632 474 3698 vice
495 3634 600 3699 nostra
628 3633 807 3717 praesidere.
854 3634 936 3700 Haeo
959 3634 1042 3699 enim
1071 3634 1178 3717 petitio
1201 3635 1233 3700 at
1261 3633 1387 3698 illorum
1409 3632 1491 3715 opti·

242 3769 325 3814 uram
348 3748 538 3814 voluntatem
560 3767 683 3831 prorsus
705 3748 793 3814 nobis
808 3749 931 3828 indicat,
955 3751 986 3816 et
1008 3769 1074 3815 rem
1096 3749 1233 3834 postulat
1247 3751 1283 3814 ut
1306 3748 1492 3814 arbitramur

242 3865 422 3941 salutarem3
446 3883 516 3930 cum
538 3864 726 3948 praesertim,
749 3864 789 3930 ad
810 3884 880 3930 eum
903 3883 1020 3950 quoque
1035 3865 1129 3931 finem
1151 3865 1340 3946 instituatur,
1362 3865 1398 3929 ut
1413 3863 1491 3929 scis·

242 3978 425 4045 matieorum
447 3981 479 4045 et
500 3997 592 4063 praue
615 3978 812 4045 sentientium
835 3980 958 4046 omnino
974 3978 1176 4046 contundatur
1197 3980 1353 4064 iniquitas,
1377 3997 1495 4064 parque

242 4096 273 4159 et
296 4095 513 4178 tranquillitas,
538 4092 584 4180 (id
607 4094 686 4179 quod
708 4114 763 4161 nos
786 4096 918 4161 maxime
934 4095 1118 4182 expetimus)
1142 4097 1202 4162 toti
1216 4095 1399 4162 Germaniae
1421 4095 1492 4160 red-

243 4206 340 4276 datur.
393 4199 598 4289 Quamobrem
632 4228 702 4276 oum
730 4210 999 4278 omnie.ordinum
1028 4210 1304 4278 ecelesiasticorum
1340 4210 1494 4292 correctio,

336 4425 353 4490 ¹)
371 4427 399 4474 ln
411 4429 525 4476 conventu
538 4427 628 4475 scilicet
640 4428 832 4485 Nurembergensi
851 4429 879 4477 de
894 4441 940 4488 quo
958 4431 1037 4480 muron
1049 4430 1145 4479 nimiam
1163 4443 1227 4492 spem
1240 4429 1345 4479 Clemens
1364 4431 1493 4489 acceparat.
