3366 5084
690 335 739 374 :-
785 295 826 366 51
855 329 919 377 „5-

781 523 832 588 36.

674 689 760 760 negt
783 688 942 760 ungriae.

271 840 437 906 Carissimo
458 842 514 907 etc.
553 839 587 906 Si
608 860 669 907 non
692 842 745 906 tua
769 842 916 907 serenitas
939 839 1037 906 nostri
1059 839 1176 906 iamdiu
1198 840 1295 906 animi
1316 842 1348 906 61
1370 841 1434 906 eius

182 957 303 1023 nostrae
326 975 419 1041 quam
435 955 474 1022 ad
489 975 595 1042 paoem
611 976 730 1041 semper
751 957 916 1022 habuimus
931 955 1108 1040 cupiditatis
1126 976 1321 1041 summaeque
1343 957 1435 1022 huius

184 1071 254 1137 sae
277 1070 364 1138 Sedis
387 1071 507 1155 inopiae
530 1074 562 1137 et
583 1073 730 1158 egestatis
760 1072 876 1157 optimc
898 1073 1018 1138 conscia
1041 1073 1131 1149 esset,
1155 1072 1243 1138 nobis
1266 1074 1348 1138 esset
1370 1073 1433 1138 for-

183 1187 277 1252 tassis
299 1187 393 1253 altius
424 1188 586 1271 repetenda
608 1188 686 1254 ratio
716 1188 866 1254 factorum
895 1187 1149 1271 consiliorumque
1171 1188 1358 1264 nostrorum;
1383 1187 1436 1254 scd

182 1323 252 1368 oum
273 1303 333 1368 tibi
347 1304 438 1387 plane
452 1303 544 1370 1116111
559 1305 725 1388 cognitum,
747 1323 803 1370 nos
818 1303 953 1387 primum
969 1303 1051 1388 ipsos
1066 1303 1105 1368 ab
1128 1303 1223 1368 armis
1239 1303 1434 1381 abstinuisse,

182 1437 258 1503 qnae
280 1421 312 1484 et
333 1419 484 1502 pastorale
507 1419 595 1486 nobis
618 1419 753 1485 officium
776 1420 807 1485 et
828 1419 1010 1503 impotentia
1033 1418 1215 1502 apostolicae
1231 1416 1318 1484 Sedis
1334 1419 1432 1484 intar-

183 1534 332 1615 dicebant,
355 1535 464 1601 deinde
493 1536 563 1602 aliis
586 1537 728 1602 omnibus
758 1537 892 1601 suasisse
921 1554 1042 1619 paoem,
1072 1534 1226 1619 adquam
1256 1535 1309 1619 qui
1331 1535 1435 1600 minus

183 1651 278 1716 armis
301 1651 467 1737 opibusque
490 1653 630 1736 poterant
652 1671 723 1718 cum
746 1651 902 1717 difficilius
918 1650 1012 1717 etiam
1036 1651 1212 1718 accederent
1234 1671 1331 1734 neque
1355 1649 1436 1716 ullas

183 1767 286 1832 audire
309 1767 497 1834 conditiones
512 1770 694 1853 paterentur,
718 1769 834 1836 bellum
849 1768 1005 1853 processit,
1029 1770 1060 1834 61
1078 1767 1249 1834 Mediolano
1264 1789 1317 1852 per
1332 1787 1436 1852 regem

184 1883 369 1948 Francorum
393 1886 490 1968 capta,
512 1884 609 1969 Papia
632 1885 684 1951 diu
707 1887 832 1952 obsessa
855 1887 956 1951 estet
979 1884 1149 1962 obsidetur;
1178 1884 1289 1950 accidit
1310 1885 1346 1949 ut
1367 1903 1437 1949 cum

183 1997 248 2082 ipse
270 1999 456 2066 Francorum
487 2021 537 2066 161
560 2001 702 2066 frustrari
732 2021 763 2066 se
787 2019 840 2067 suo
871 2000 1019 2067 desiderio
1049 2002 1191 2078 comeret,
1222 1999 1250 2065 61
1272 1999 1438 2066 adversarii

183 2115 248 2179 eius
271 2115 411 2183 menibus
434 2119 466 2182 61
488 2116 607 2200 oppidis
630 2117 741 2183 inclusi
763 2116 803 2182 ad
824 2117 914 2201 prelii
929 2118 1029 2182 aleam
1052 2136 1112 2182 non
1135 2116 1359 2196 descenderent,
1382 2135 1434 2181 ca·

182 2231 267 2313 peret
281 2231 443 2298 consilium
464 2232 561 2316 partis
578 2233 625 2297 sui
641 2233 788 2298 exercitus
803 2232 843 2297 ad
857 2252 987 2317 regnum
1002 2230 1241 2315 Neapolitanum
1255 2231 1436 2298 tentandum

184 2343 398 2413 dimittendae:
427 2347 477 2413 cui
499 2366 554 2413 nos
577 2348 704 2414 consilio
727 2348 916 2433 aliquamdiu
939 2347 1117 2413 obstitimus
1146 2367 1242 2431 neque
1265 2347 1360 2411 armis
1384 2346 1437 2411 sed

184 2461 366 2538 rationibus;
388 2463 498 2547 quibus
515 2464 622 2529 multis
641 2464 793 2548 allegatis,
816 2464 877 2529 nisi
900 2464 1015 2529 fuimus
1031 2483 1100 2528 eum
1124 2463 1163 2528 ab
1185 2463 1239 2528 illa
1255 2461 1438 2547 cogitatione

183 2576 350 2642 retrahere:
374 2597 444 2644 curn
467 2580 628 2662 presertim
647 2579 894 2663 promisissemus
917 2598 972 2644 nos
995 2580 1166 2644 tentaturos
1181 2579 1217 2643 ut
1231 2579 1332 2662 abquo
1349 2577 1437 2643 modo

184 2691 223 2756 ad
245 2693 437 2758 concordiam
460 2694 619 2760 veniretur.
652 2693 739 2775 Quod
761 2715 831 2760 cum
854 2694 1032 2760 fecissemus
1055 2713 1151 2778 neque
1166 2694 1329 2778 quicquam
1352 2713 1436 2758 esse-

184 2827 253 2872 mus
276 2809 438 2886 conseouti,
467 2812 499 2875 61
521 2829 572 2875 161
593 2811 659 2895 ipse
683 2831 770 2877 suam
799 2810 963 2895 pristinam
993 2809 1159 2893 resumpsit
1188 2809 1437 2875 deliberationem

183 2923 216 2988 in
238 2943 367 3008 rognum
390 2926 492 3008 copias
512 2925 663 3002 mittendi,
686 2927 718 2990 et
739 2945 794 2991 nos
811 2927 915 3009 inopes
938 2925 1060 2990 consilii
1081 2925 1295 3004 remansimus,
1319 2925 1437 2989 armeta

185 3039 267 3105 enim
291 3059 384 3105 manu
406 3060 460 3124 per
482 3043 602 3107 nostros
625 3043 657 3106 et
679 3046 742 3106 6111
764 3041 908 3106 ecclesiae
932 3043 1032 3106 status
1055 3041 1144 3107 nobis
1158 3040 1327 3106 inermibus
1349 3041 1436 3105 tran-

185 3156 290 3220 seunte
313 3155 411 3221 multa
433 3157 465 3222 et
487 3175 600 3242 magna
623 3156 712 3223 nobis
735 3158 822 3222 erant
845 3156 1015 3234 metuenda,
1044 3155 1105 3221 nisi
1128 3155 1230 3239 eliqua
1253 3154 1312 3220 fide
1334 3173 1438 3238 regem

185 3270 454 3354 obstringeremus,
477 3271 557 3337 nihil
579 3273 617 3339 ab
641 3292 675 3338 eo
698 3271 804 3338 damni
826 3272 880 3337 aut
902 3271 1087 3338 incommodi
1109 3271 1198 3337 nobis
1221 3271 1284 3338 fore
1306 3271 1438 3346 illatum,

185 3385 218 3451 in
240 3405 299 3471 quo
322 3385 461 3452 vicissim
482 3387 531 3454 1111
553 3388 793 3473 promittendum
817 3390 883 3454 6161
905 3407 961 3455 nos
983 3387 1062 3454 nihil
1087 3388 1193 3452 contra
1215 3405 1285 3452 eum
1309 3387 1437 3451 acturos.

187 3500 269 3567 Haeo
294 3501 423 3586 simplex
447 3503 478 3569 et
500 3503 618 3570 sincera
646 3503 854 3571 mercationis
877 3503 1008 3569 formula
1031 3503 1090 3569 etei
1113 3503 1195 3568 iusta
1216 3502 1248 3567 ot
1270 3501 1440 3567 necessaria

186 3617 273 3684 nobis
295 3617 457 3698 videretur,
487 3639 563 3705 queo
592 3618 671 3684 nihil
693 3639 748 3686 nos
779 3619 907 3704 cogebat
936 3638 954 3684 a
978 3617 1118 3702 pristinis
1148 3616 1261 3683 nostris
1292 3616 1438 3683 amicitiis

185 3733 505 3818 coniunctionibusque
527 3733 694 3813 discedere,
728 3737 832 3801 tamen
856 3734 1061 3801 noluissemus
1084 3735 1150 3800 eius
1173 3733 1328 3799 faciendae
1350 3733 1439 3798 nobis

185 3847 291 3915 inferri
313 3849 541 3917 necessitatem:
565 3868 653 3936 porro
669 3869 792 3916 necesse
807 3852 873 3916 orat
895 3851 944 3916 161
960 3849 1004 3915 616
1024 3867 1122 3934 agere,
1146 3850 1196 3915 161
1211 3867 1297 3914 arma
1313 3866 1439 3927 sumere,

186 3966 234 4030 161
255 3965 295 4032 ad
317 3966 479 4032 arbitrium
509 3967 644 4033 alienum
667 3967 777 4046 virere,
807 3985 936 4051 quorum
965 3965 1024 4032 duo
1054 3965 1166 4031 ultima
1194 3983 1250 4031 nac
1277 3963 1440 4048 pontificis,

186 4099 240 4148 nec
262 4081 421 4166 prudentis
436 4081 571 4150 hominis
594 4085 689 4149 erant.
729 4080 788 4149 Sed
812 4083 879 4147 tum
901 4101 971 4148 cum
990 4081 1092 4148 animo
1115 4079 1214 4147 adhuc
1228 4079 1440 4153 hesitaremns,

186 4197 304 4263 litterae
334 4199 374 4264 ad
395 4217 451 4264 nos
480 4217 499 4264 6
527 4219 593 4267 ven.
623 4199 716 4264 fratre
747 4196 874 4264 Nicolao
907 4197 1131 4282 archiepiscopo
1161 4195 1303 4281 Capuano
1332 4197 1441 4262 nuncio

186 4315 289 4379 nostro
320 4313 470 4398 Lugduno
500 4315 612 4380 allatae
643 4317 715 4380 sunt
745 4314 953 4398 significantes
984 4312 1143 4379 Caesarem
1173 4312 1219 4378 116
1248 4312 1287 4377 61
1316 4313 1442 4378 consilia

189 4427 271 4512 pacis
294 4431 471 4513 promptum
494 4432 525 4494 ct
538 4447 722 4514 propensum
745 4449 820 4510 osso,
843 4429 872 4495 61
885 4432 956 4496 1666
979 4429 1152 4494 serenitatis
1174 4428 1315 4494 noluntas
1337 4427 1443 4494 eadem

1241 4533 1281 4603 4*
