3380 5088
787 327 1032 409 ,ΜΛ

282 525 413 604 rioribus
428 525 535 602 diebus
552 525 805 604 Columnensibus
822 535 954 604 subditis
969 538 1082 605 nostris
1098 535 1229 624 quidem,
1253 533 1306 606 sed
1321 533 1408 608 nobis
1425 555 1534 626 pamm

282 651 352 720 fidis
375 671 461 720 orme
483 653 516 718 in
538 652 682 718 menibus
697 651 737 718 ad
758 654 863 737 portus
886 654 971 720 urbis
994 656 1115 722 nostrus
1132 655 1315 737 tenentibus,
1339 675 1394 723 noe
1416 676 1534 743 quoque

282 769 404 834 firmem
434 786 560 835 menum
582 767 720 834 militum
742 769 1045 852 oompumvissemus
1075 790 1135 855 que
1157 771 1221 836 illis
1252 772 1341 838 focile
1366 773 1533 856 superiores

282 885 315 950 in
337 883 575 968 Neapolitanum
599 903 726 967 regnum
750 884 865 950 intrare
887 887 919 949 et
941 885 1044 950 omniu
1059 886 1190 964 turbere,
1213 905 1249 952 eo
1271 889 1455 954 labefactare
1476 907 1532 972 po-

280 999 455 1078 tuissemus,
479 999 572 1065 simul
594 1001 684 1082 etque
707 998 782 1064 fides
797 1001 846 1064 eet
867 999 956 1066 nobis
978 1018 1032 1083 per
1047 999 1264 1068 Columnenses
1287 1002 1359 1069 dete
1374 1021 1425 1068 eos
1448 1021 1533 1069 orme

281 1133 348 1185 esse
370 1114 575 1199 deposituros,
604 1112 741 1197 nihilque
770 1115 876 1180 contre
905 1133 961 1182 nos
983 1117 1015 1181 et
1037 1117 1154 1181 statum
1183 1119 1324 1184 nostrum
1354 1120 1532 1196 tentemros,

282 1231 388 1298 stetim
411 1230 515 1298 omnia
537 1233 656 1296 ermutu
678 1229 830 1313 prsesidin
852 1229 1037 1311 dimisimus,
1060 1249 1179 1316 queque
1202 1233 1234 1298 in
1256 1235 1343 1316 purte
1366 1234 1393 1298 si
1409 1233 1532 1300 inimioo

280 1345 383 1414 snimo
398 1345 562 1412 fuissemus
585 1345 618 1412 in
641 1341 800 1412 Gaesarem
823 1345 940 1410 bellum
964 1345 1093 1430 flngrere
1122 1349 1154 1412 et
1176 1347 1278 1432 vigere
1301 1351 1468 1433 oportebet,
1497 1369 1532 1414 eo
1665 1413 1666 1418 ,

280 1481 315 1528 er
337 1463 423 1546 purte
446 1479 598 1528 summum
615 1479 720 1544 penem
742 1460 878 1530 fecimus.
908 1463 988 1546 drgo
1012 1461 1045 1529 in
1059 1463 1117 1528 hoo
1131 1465 1215 1529 stetu
1230 1483 1278 1530 res
1293 1467 1416 1531 nostree
1437 1469 1531 1533 erent.
1665 1519 1666 1528 ,

279 1595 350 1646 oum
372 1579 420 1643 est
441 1576 481 1643 ed
503 1595 558 1644 nos
580 1576 618 1644 de
646 1577 728 1661 regis
751 1575 906 1661 Ungurise
935 1580 1046 1659 morte,
1078 1580 1109 1645 et
1131 1579 1196 1645 eius
1226 1580 1357 1646 ereroitu
1387 1599 1472 1646 oeeso
1498 1599 1532 1645 se

280 1693 318 1763 de
341 1691 508 1760 Tureerurn
533 1692 659 1758 siotorie
687 1692 832 1770 sllutum;
862 1710 921 1778 qno
948 1695 1058 1760 nnneio
1080 1695 1221 1779 peroulsi,
1250 1715 1320 1761 oum
1342 1715 1531 1762 sumeremus

280 1808 341 1881 nisi
363 1810 435 1893 epu
457 1806 591 1874 remedie
619 1809 849 1890 quaererentur,
878 1808 981 1873 omnia
1009 1809 1044 1875 in
1065 1827 1159 1876 nnum
1188 1811 1308 1878 ruinam
1330 1812 1531 1896 prooubiturn

280 1923 388 1992 suum
417 1922 553 2005 sepimus
580 1921 743 1987 eonsilium
765 1921 934 2008 inspirante
956 1924 1087 1990 Domino
1111 1945 1288 2010 quoeunque
1309 1926 1426 1992 tutione
1447 1943 1532 1992 enne

281 2037 385 2104 nostro
399 2037 583 2122 deponendi,
606 2055 641 2103 eo
663 2038 746 2104 iusso
769 2039 909 2104 ueremni
932 2039 1039 2123 Ugone
1062 2041 1099 2106 do
1122 2040 1270 2107 Monesen
1286 2041 1424 2108 Cuesmis
1446 2042 1529 2125 oepi-

279 2156 369 2220 teueo
391 2151 582 2218 induciarum
597 2154 718 2236 tempus
740 2153 954 2234 constituendi,
977 2174 1036 2240 quo
1058 2155 1175 2222 interes
1198 2156 1391 2241 nosmetipsi
1415 2157 1455 2222 ed
1477 2177 1528 2222 oe-

280 2257 419 2334 meinos
442 2267 475 2334 in
490 2265 612 2334 Christe
634 2268 714 2334 filios
737 2270 858 2336 nostros
877 2267 1037 2335 Cueserenr
1060 2275 1091 2336 et
1113 2271 1405 2338 christianissimum
1429 2291 1530 2356 regern

280 2381 421 2452 wosdere
441 2385 474 2448 ot
495 2381 665 2468 efflagitare
688 2383 861 2451 interillos
884 2403 999 2468 peoem,
1029 2387 1177 2454 auxilium
1207 2388 1326 2454 lebenti
1348 2387 1530 2454 ohristisnue

280 2495 463 2583 reiputltose
477 2501 578 2583 potere
600 2501 691 2583 etque
706 2501 871 2580 obseorsre,
893 2501 972 2566 irem
989 2501 1046 2568 Dei
1068 2501 1258 2581 denunciare,
1281 2502 1385 2568 omnio
1401 2501 1531 2586 denique

163 2697 165 2702 Ι
217 2707 221 2713 ¹
281 2615 399 2682 testere
420 2617 452 2681 et
473 2631 563 2700 egere
585 2633 662 2701 quse
684 2613 724 2681 ed
746 2616 914 2700 profestum
936 2617 1020 2701 penis
1043 2619 1212 2684 necessarie
1234 2620 1337 2684 essent
1352 2619 1530 2695 valeremus,

281 2742 341 2796 non
363 2715 467 2797 nostro
483 2729 682 2808 inoommodo,
706 2749 766 2798 non
788 2731 966 2816 populomm
990 2735 1172 2814 nostrorum,
1202 2752 1263 2800 non
1285 2733 1428 2818 perieulis
1451 2733 1531 2811 uilis,

215 2861 217 2868 ⁸
280 2849 334 2912 sut
356 2845 460 2926 muris,
482 2847 537 2914 eut
559 2849 664 2926 terrm
687 2849 824 2920 nostrum
839 2847 923 2931 piem
946 2849 1134 2915 voluntatem
1150 2849 1380 2916 deterrentibus.
1416 2850 1484 2918 Heo
1497 2869 1529 2915 re

280 2959 325 3028 sio
345 2961 521 3041 deliberetis
543 2963 664 3046 postero
679 2962 728 3030 die
750 2959 849 3041 men'e,
872 2962 1017 3029 adsecuto
1039 2968 1178 3030 rene.lium
1204 2966 1335 3032 fratrum
1357 2967 1530 3032 nostrerum

278 3079 402 3145 senetee
423 3077 579 3144 Romenoe
601 3078 744 3148 ecelesiae
766 3079 967 3144 ourdinulium
991 3079 1179 3160 oonsietorio,
1203 3081 1444 3166 significavimus
1466 3081 1529 3147 illis

278 3193 370 3260 huius
379 3192 563 3278 suseipiendi
577 3193 697 3260 itineris
713 3195 847 3260 mentem
863 3195 1015 3270 nostrum
1030 3213 1107 3278 quse
1122 3215 1192 3262 eum
1208 3198 1248 3262 sb
1263 3197 1406 3264 omnibus
1421 3197 1530 3263 fnisset

277 3311 452 3396 approbet&
475 3309 633 3376 silentium
649 3313 721 3376 tuno
742 3310 808 3376 illis
823 3309 997 3376 indiximus.
1043 3311 1175 3394 Vespere
1197 3313 1300 3377 eutem
1316 3311 1453 3378 eiusdem
1468 3311 1528 3376 diei

278 3427 392 3494 reoet‘se
414 3426 584 3494 emtoribus
607 3427 744 3492 omnium
766 3426 940 3510 prinoipem
963 3425 1016 3510 qui
1038 3427 1118 3510 apud
1141 3446 1196 3493 nos
1219 3430 1307 3494 erent
1328 3427 1456 3496 eundem
1473 3447 1526 3494 vo·

277 3543 427 3608 inntetem
443 3542 580 3610 nostrum
595 3542 659 3608 iilis
675 3543 858 3626 aperuimus,
880 3542 1051 3626 intorques
1073 3543 1203 3608 dilectus
1225 3543 1308 3609 filius
1324 3543 1477 3609 Martinus
1492 3543 1529 3608 de

277 3657 467 3744 Portupulliu
490 3661 579 3724 sere·
605 3661 675 3724 tuoe
698 3675 799 3742 nepos,
829 3659 915 3724 ouius
937 3657 1044 3738 virtus,
1066 3657 1226 3738 industrie
1248 3659 1418 3743 prudentie,
1440 3659 1529 3726 nobis

276 3793 347 3844 oum
370 3791 458 3858 saepe
487 3774 573 3852 ulios,
603 3777 668 3838 tum
699 3773 831 3839 menime
853 3773 885 3838 in
908 3774 964 3839 hoo
993 3773 1077 3840 omni
1105 3772 1362 3858 perieulosissimo
1392 3776 1526 3858 tempore

276 3889 434 3970 setisfooit,
457 3890 593 3973 optimus
614 3891 716 3974 potest
737 3889 796 3956 tibi
818 3908 885 3956 esse
907 3890 1006 3969 testis,
1035 3889 1089 3974 qui
1110 3889 1143 3956 in
1166 3889 1303 3956 consiliis
1325 3890 1528 3976 periuriisque

275 4006 389 4096 metris
403 4007 545 4073 omnibus
560 4006 671 4086 lubere,
694 4005 863 4089 diligentie,
879 4005 1006 4072 oonsilio
1022 4006 1163 4073 assiduus
1178 4005 1350 4084 intervenit,
1374 4007 1405 4072 et
1420 4005 1524 4072 hmts·

217 4131 220 4136 '
275 4143 333 4190 nus
348 4141 425 4207 quse
446 4121 509 4189 diei
523 4124 618 4201 erent,
641 4141 712 4188 eum
735 4141 802 4188 eooe
817 4119 964 4205 postridie
980 4141 1100 4188 summo
1122 4140 1213 4188 mune
1228 4120 1525 4187 tumultuosissime

274 4238 403 4306 nuneius
426 4237 465 4304 sd
487 4257 543 4305 nos
566 4239 658 4318 venit,
681 4237 899 4304 Colunmensee
920 4238 1032 4305 oblitos
1055 4237 1127 4303 fidei
1148 4256 1240 4322 quem
1260 4237 1349 4303 nobis
1362 4235 1524 4316 dederent,

274 4353 469 4439 iniquissimo
489 4355 593 4422 mie
615 4357 646 4420 et
668 4355 832 4434 voluntate,
855 4353 931 4420 dnoe
953 4353 1016 4420 inm
1039 4351 1119 4420 dioto
1140 4353 1207 4438 Ugo
1228 4352 1268 4419 de
1281 4351 1431 4420 Monesds
1446 4349 1522 4419 Gee-

275 4469 352 4546 ssris
367 4469 525 4558 oum
540 4489 609 4538 oum
625 4489 738 4557 magne
753 4487 848 4540 menn
863 4489 930 4538 esse
945 4470 983 4537 sd
999 4470 1084 4540 ustis
1098 4471 1210 4556 portes
1232 4469 1353 4558 unque
1368 4470 1523 4556 ingressos
