3400 5088
664 369 909 434 -111-

156 560 295 629 animum
319 564 457 629 nostrum
480 563 739 629 calumniantibus
762 563 854 630 fidem
877 565 992 630 certem
1014 565 1206 647 prebuerunt,
1229 585 1357 651 quarum
1380 569 1412 634 et

155 679 311 744 actionum
333 681 365 745 et
379 679 571 744 voluntatum
594 681 768 746 nostrarum
791 679 971 746 confidimus
994 681 1104 746 teiam
1126 701 1187 748 non
1210 683 1310 748 solum
1333 703 1406 750 con·

157 794 255 860 scium
280 793 332 859 sed
354 793 451 860 fidum
473 796 505 860 et
527 795 706 860 benevolum
728 814 796 861 esee
818 797 849 861 et
871 795 934 861 fore
956 797 1076 876 testem,
1099 799 1205 864 tamen
1227 799 1255 863 si
1277 799 1335 865 hoc
1357 800 1407 866 fu·

155 915 259 977 turum
275 911 374 976 fueret
388 911 423 975 ut
438 909 478 974 ad
492 911 669 976 certaminis
684 910 848 977 discrimen
863 911 1045 978 veniendum
1061 915 1142 978 esset
1157 913 1189 980 id
1204 914 1284 998 quod
1299 914 1410 981 accidit

155 1026 257 1109 potius
280 1027 377 1092 multo
399 1025 545 1091 accidisse
567 1027 713 1104 letamur3
736 1029 869 1093 veterem
884 1027 967 1093 enim
982 1029 1013 1094 et
1035 1031 1212 1112 perpetuam
1234 1033 1273 1108 et
1297 1049 1407 1114 quam·

154 1161 248 1226 quam
271 1142 378 1207 multis
399 1160 491 1232 prave
505 1141 785 1226 interpretantibus,
807 1142 929 1209 fidelem
944 1146 975 1210 et
990 1143 1178 1227 singularem
1201 1145 1234 1210 in
1249 1144 1408 1212 Caesarem

155 1257 394 1324 benivolentiam
416 1260 553 1323 nostram
569 1258 643 1322 haec
657 1257 742 1323 illius
764 1277 842 1324 nova
865 1258 964 1343 gloria
980 1279 1100 1326 summa
1116 1261 1270 1344 voluptate
1293 1261 1408 1338 affecit3

153 1373 358 1439 noluissemus
373 1373 553 1458 sanguinem
576 1393 631 1439 nee
646 1373 793 1440 damnum
808 1374 995 1458 cuiusquam,
1018 1376 1071 1442 aad
1086 1379 1235 1460 quantum
1257 1377 1297 1444 ad
1318 1377 1410 1446 decus

155 1486 295 1554 Caesaris
317 1488 429 1555 attinet
443 1490 492 1555 est
507 1488 540 1554 id
561 1489 649 1556 nobis
665 1490 871 1574 superomnia
886 1490 1113 1575 gratissimum
1136 1493 1227 1576 atque
1241 1511 1276 1558 ec
1290 1495 1410 1578 gratius

155 1605 235 1688 quod
258 1605 451 1672 nobilitatem
473 1607 560 1671 tuam
589 1605 671 1672 tanti
692 1605 815 1672 honoris
838 1607 869 1672 et
891 1605 1006 1673 decons
1029 1625 1090 1673 non
1112 1607 1202 1674 modo
1224 1610 1407 1694 participem

155 1721 376 1787 verumetiam
399 1721 507 1786 ducem
529 1722 620 1805 atque
643 1723 796 1787 auctorem
819 1741 885 1788 esse
907 1722 1126 1807 intelligimus3
1149 1743 1242 1809 quam
1257 1745 1312 1792 nos
1335 1727 1405 1810 plu·

154 1836 243 1902 rimis
271 1836 474 1920 maximisque
502 1837 540 1902 de
568 1837 670 1903 causis
697 1838 731 1903 in
752 1837 812 1904 filii
841 1856 960 1921 semper
988 1839 1152 1906 habuimus
1181 1841 1255 1907 loco.
1300 1842 1408 1928 Itaque

154 1953 234 2036 quod
250 1952 372 2019 ansmi
393 1953 453 2037 ipsi
475 1972 528 2036 per
543 1953 663 2019 litteras
684 1953 812 2020 fecimus
835 1954 868 2021 id
883 1972 1001 2039 quoquo
1022 1955 1179 2022 nobilitati
1200 1958 1270 2024 tuae
1293 1957 1331 2024 de
1352 1959 1407 2026 tua

154 2069 240 2134 omni
260 2069 462 2153 amplitudine
484 2072 515 2134 et
530 2069 628 2154 gloria
650 2087 719 2135 rere
734 2073 765 2135 et
787 2089 822 2136 ex
844 2070 947 2136 animo
961 2071 1161 2154 gratulamur,
1184 2073 1321 2158 hancque
1335 2075 1405 2140 lau·

152 2183 224 2249 dem
238 2184 324 2250 vobis
346 2204 509 2268 perennem
523 2187 554 2250 et
576 2185 730 2269 propriam
744 2186 893 2270 optamus.
925 2184 1014 2266 Quod
1034 2205 1104 2254 vero
1126 2188 1159 2254 in
1174 2189 1261 2255 tanta
1282 2190 1402 2256 laetitia

152 2302 184 2364 et
206 2301 410 2383 gratulatione
439 2303 599 2386 paternum
621 2303 669 2366 est
691 2305 723 2367 et
743 2302 842 2367 nostri
870 2302 1026 2386 proprium
1049 2303 1171 2370 honoris
1200 2308 1291 2389 atque
1313 2307 1405 2372 officii

152 2418 184 2480 ct
199 2413 359 2482 Caesarem
381 2417 478 2482 amice
500 2417 714 2483 admonuimus
729 2419 760 2483 et
775 2419 845 2483 tuae
867 2435 984 2505 queque
1006 2418 1162 2485 nobilitati
1184 2421 1324 2486 volumus
1339 2441 1407 2488 esse

152 2535 348 2616 suggestum
371 2533 450 2598 hanc
471 2532 684 2599 admirabilem
705 2533 974 2618 incredibilemque
1003 2535 1162 2600 victoriam
1184 2536 1229 2602 ita
1252 2537 1309 2603 tibi
1338 2537 1403 2605 fore

152 2651 297 2732 perpetuo
312 2647 469 2714 commodo
485 2651 516 2714 et
537 2649 696 2732 voluptati,
721 2651 748 2715 si
763 2669 799 2716 ea
821 2669 897 2734 quae
912 2649 1053 2734 deinceps
1075 2651 1207 2734 gerenda
1223 2656 1303 2734 sunt
1326 2655 1406 2720 iuste

153 2763 308 2830 moderate
338 2764 560 2849 clementerque
582 2767 740 2848 gerentum
770 2768 819 2830 est
841 2765 924 2831 enim
946 2766 1004 2832 tibi
1026 2767 1244 2832 elaborandum
1266 2771 1302 2834 ut
1323 2769 1406 2835 hunc

153 2878 319 2944 secundum
347 2882 379 2945 et
410 2899 588 2964 prosperum
618 2899 741 2946 cursum
770 2901 872 2946 rerum
901 2900 962 2947 nou
991 2881 1182 2949 eduliorum
1205 2882 1352 2950 damnum
1374 2888 1406 2952 et

153 2995 371 3061 detrimentum
403 2995 456 3061 sed
485 2995 524 3062 ad
546 2997 805 3081 tranquillitatem
833 2997 942 3064 Italiae
972 2997 1054 3063 orbis
1084 2998 1243 3064 christiani
1274 3001 1404 3068 salutem

153 3113 272 3176 vestrae
294 3131 411 3195 quoque
434 3111 558 3177 virtutis
587 3113 618 3178 et
640 3113 777 3178 iustitiae
806 3113 1052 3179 exercitationem
1074 3115 1207 3180 assecuti
1229 3135 1295 3182 esee
1318 3116 1403 3182 vide-

153 3225 258 3292 amini
305 3226 363 3292 Sed
378 3227 453 3294 haec
471 3230 505 3292 tu
521 3247 574 3311 pro
598 3231 650 3293 tua
667 3227 827 3310 prudentia
850 3229 944 3296 etiam
968 3230 1032 3294 sine
1047 3229 1166 3295 monitu
1189 3232 1293 3295 nostro
1317 3231 1405 3296 facile

151 3341 315 3426 intelliges.
361 3342 425 3407 Nos
448 3361 525 3426 quae
539 3345 660 3409 nostrae
675 3343 708 3410 in
724 3345 753 3410 te
776 3346 878 3428 partes
893 3344 986 3428 patrii
1008 3346 1121 3410 amoris
1144 3349 1216 3420 sunt
1230 3365 1299 3412 oum
1320 3347 1404 3412 vobis

152 3457 328 3524 studeamus
351 3458 384 3524 in
399 3459 582 3542 reipublicae
597 3459 783 3526 christianae
797 3461 991 3526 commodum
1005 3479 1072 3528 esee
1088 3461 1240 3528 coniuncti
1255 3465 1403 3546 quantum

152 3591 222 3638 cum
244 3573 308 3640 Deo
331 3593 501 3657 possumus,
525 3595 601 3658 quae
624 3575 663 3641 ad
686 3577 819 3642 vestram
842 3577 965 3642 laudem
983 3577 1202 3644 auctoritatem
1219 3579 1403 3663 dignitatem

151 3687 312 3755 fovendam
341 3689 638 3774 continuandamque
666 3691 820 3774 pertinent
849 3693 979 3776 suntque
1008 3710 1044 3758 ea
1066 3693 1099 3759 in
1128 3696 1278 3777 potestate
1300 3697 1404 3760 nostra

152 3805 255 3870 omnia
276 3806 308 3870 et
329 3806 388 3870 tibi
410 3809 441 3872 et
456 3822 550 3872 ser.¹¹¹⁰
566 3807 654 3871 fratri
668 3809 722 3872 tuo
744 3809 775 3871 et
798 3807 962 3874 deferimus
984 3811 1016 3874 et
1030 3809 1217 3891 pollicemur,
1240 3811 1320 3876 sicut
1333 3829 1402 3876 cum

152 3919 255 3986 eadem
285 3921 446 3987 nobilitate
476 3924 529 3987 tua
551 3923 680 3988 dilectus
710 3923 793 3987 filius
817 3923 1021 4008 Hieronymus
1044 3925 1190 3990 Rorarius
1219 3926 1403 3992 camerarius

152 4037 254 4103 noster
276 4037 377 4103 verbis
400 4038 513 4103 nostris
536 4041 622 4123 aget3
646 4039 694 4104 cui
716 4038 771 4103 illa
794 4038 885 4105 fldem
908 4039 1041 4106 habebit.
1087 4040 1202 4106 Datum
1218 4043 1332 4108 Romae
1355 4043 1403 4108 die

151 4171 177 4216 x.
200 4151 305 4218 Martii
327 4153 446 4219 mdxrv.
491 4153 580 4220 Anno
602 4153 741 4220 secundo.

717 4269 840 4357 (Foris).

485 4385 573 4451 Anno
597 4386 726 4452 secundo
748 4383 867 4450 mdrxv.
913 4385 1019 4452 Martii
1040 4408 1066 4453 r.

608 4501 774 4568 Archiduci
794 4501 946 4568 Aushhe.
