3396 5090
783 368 1028 434 *aas-

279 564 388 634 erroris
404 563 547 634 nebulam
563 563 677 650 eripere
699 567 817 650 oportet
832 567 863 631 et
885 565 1042 632 ostendere
1057 584 1118 632 non
1135 583 1203 632 esse
1217 567 1279 633 ullo
1295 563 1384 634 modo
1408 567 1530 634 sanetum

278 682 461 768 apostolieae
484 681 571 748 Sedis
595 681 779 766 dignitatem
802 701 858 747 neo
880 681 1120 749 eeclesiastioam
1141 683 1317 750 libertatem
1338 683 1529 760 violindam3

277 798 356 883 puod
380 799 407 864 si
429 798 608 883 quandoque
637 817 838 883 rerumquae
868 798 919 864 hio
940 801 1086 883 gerantur
1114 799 1217 885 aliqua
1245 800 1368 885 querela
1396 802 1444 867 est
1472 800 1527 866 de-

277 935 343 982 oere
372 915 556 981 catholicum
577 915 745 999 prinoipem
768 933 837 980 oum
860 914 1093 982 mansuetudine
1122 915 1224 1000 potius
1246 917 1278 982 et
1306 915 1433 982 lenitate
1454 933 1526 980 oau-

278 1051 344 1098 sam
369 1050 456 1097 suam
478 1048 649 1116 proponere,
673 1033 704 1096 et
726 1050 803 1115 quae
825 1049 885 1097 nou
908 1033 988 1098 reete
1010 1032 1161 1114 permissa
1184 1031 1352 1112 videantur,
1376 1033 1411 1097 ut
1432 1032 1526 1098 oorri·

277 1149 389 1232 gantur
418 1149 533 1232 petere,
562 1149 652 1231 prout
681 1147 758 1213 alias
788 1148 904 1213 factum
934 1149 989 1213 est.
1041 1147 1109 1212 Etsi
1137 1167 1192 1215 nos
1222 1147 1345 1232 quidem
1375 1166 1527 1214 summam

277 1263 458 1329 modestiam
474 1263 507 1328 in
521 1262 663 1328 omnibus
679 1262 884 1340 adhibuimus,
908 1264 944 1328 ut
961 1282 1049 1330 nemo
1065 1264 1130 1329 iuro
1144 1263 1243 1347 possit
1258 1263 1408 1348 conqueri,
1431 1283 1527 1347 neque

276 1395 404 1462 persona
426 1379 530 1462 nostra
553 1377 664 1444 merita
686 1381 742 1458 est,
773 1380 807 1444 ut
830 1377 919 1444 nobie
949 1378 1145 1462 potissimum
1174 1379 1207 1445 iu
1236 1380 1293 1444 hae
1316 1377 1428 1446 Sancta
1451 1376 1527 1444 Sede

276 1493 460 1577 sedentibus,
482 1513 535 1560 eas
557 1495 735 1578 proponeret
758 1495 789 1560 et
810 1494 980 1578 publicaret
1003 1492 1114 1561 Caesar
1141 1495 1347 1580 pragmatioae
1375 1495 1526 1562 eonstitu-

275 1611 382 1689 tiones,
405 1631 459 1696 per
473 1628 549 1696 quas
564 1611 716 1677 rideretur
740 1630 835 1694 neque
851 1610 974 1676 honoris
997 1610 1095 1677 nostri
1117 1631 1212 1696 neque
1227 1611 1400 1696 pontificiae
1421 1610 1525 1696 digni·

274 1727 349 1794 tatis
371 1727 482 1794 habere
497 1726 655 1794 rationem.
702 1725 762 1792 Sed
776 1727 851 1792 haee
873 1728 909 1793 ut
925 1726 1057 1794 diximus
1080 1747 1141 1795 non
1155 1727 1242 1794 illius
1264 1728 1423 1813 praecipuo
1437 1728 1526 1812 eulpa

274 1843 456 1910 aeciderunt.
502 1841 586 1923 Quae
609 1843 636 1908 si
658 1842 861 1909 fraternitatis
884 1844 954 1910 tuae
977 1863 1067 1928 opera
1089 1864 1123 1910 ae
1139 1844 1252 1912 virtute
1276 1844 1398 1911 sublata
1420 1862 1524 1911 emon·

274 1958 404 2044 dataque
427 1959 548 2038 fuerint,
571 1959 745 2026 oonsuletur
767 1961 798 2026 et
813 1958 952 2026 &esuris
974 1960 1073 2044 ipsius
1089 1961 1183 2027 saluti
1206 1962 1237 2027 et
1259 1961 1375 2046 gloriae
1396 1962 1428 2027 et
1442 1960 1526 2026 laudi

274 2093 309 2140 ao
332 2073 472 2159 religioni
495 2075 573 2140 tuae.
619 2073 717 2140 Nobis
740 2075 863 2159 quidem
886 2077 965 2141 oerte
984 2076 1063 2142 nihil
1085 2076 1140 2142 abs
1165 2076 1329 2160 tegratiue
1353 2096 1449 2160 nequo
1472 2096 1525 2142 ex-

273 2191 424 2274 peotatius
447 2191 542 2257 tribui
563 2191 673 2275 potest.
721 2188 806 2256 Siout
829 2190 866 2257 de
888 2190 945 2256 hae
968 2210 1000 2256 re
1023 2193 1055 2257 et
1077 2191 1148 2256 aliis
1171 2193 1273 2258 teoum
1295 2191 1348 2257 dil.
1363 2190 1399 2256 tr.
1421 2193 1525 2257 noster

274 2308 311 2373 lo.
326 2307 448 2391 legatus
463 2309 518 2372 ete.
535 2307 649 2372 nostris
665 2307 766 2373 vorbis
789 2309 862 2392 aget
883 2307 932 2372 oui
948 2307 1056 2374 frate·
1072 2308 1125 2372 tua
1141 2307 1231 2374 iidem
1248 2307 1383 2372 habebit.
1408 2307 1523 2371 Datum

274 2423 389 2490 Romae
411 2425 467 2489 elo.
491 2422 539 2488 die
563 2445 607 2488 xv.
632 2420 748 2506 Aprilis
772 2422 901 2488 mdxrvi.
946 2422 1035 2488 Anno
1059 2423 1157 2488 tertio.

866 2747 938 2812 176.

802 2938 995 3000 Caesari

362 3119 526 3188 Carissimo
555 3123 610 3186 eto.
665 3119 735 3186 Non
766 3120 831 3186 siue
860 3119 948 3205 gravi
977 3119 1120 3187 molestia
1151 3119 1338 3204 aeeepimus,
1368 3140 1429 3187 uon
1458 3123 1523 3187 tam

273 3239 403 3304 monem
425 3236 557 3323 quidem,
580 3255 635 3302 noo
656 3255 754 3322 genus
776 3236 885 3302 mortis
915 3234 1068 3319 quondam
1091 3236 1219 3302 Antonii
1241 3235 1374 3320 episoopi
1396 3237 1521 3302 Zamar-

272 3353 378 3433 rensis,
401 3372 491 3437 quem
514 3372 569 3420 nos
591 3352 747 3420 hominem
762 3371 870 3436 parum
893 3351 1021 3438 dignum
1043 3353 1098 3418 illo
1114 3352 1275 3420 sacerdotii
1288 3354 1409 3434 honore,
1433 3373 1522 3437 quem

272 3469 405 3553 gerebat,
412 3467 437 3556 ¹)
461 3470 686 3553 reputabamus,
709 3468 762 3536 sed
784 3469 864 3553 quod
878 3468 906 3534 is
920 3469 954 3535 in
970 3488 1054 3536 saoro
1073 3469 1252 3554 episeopulis
1275 3468 1389 3553 gradus
1411 3469 1523 3536 honore

272 3584 465 3664 constitutus,
494 3585 700 3668 apostolorum
723 3585 755 3650 ot
776 3584 842 3668 ipse
870 3585 942 3651 licet
964 3603 1024 3651 non
1054 3585 1179 3652 idoneus
1210 3604 1371 3666 suceessor,
1403 3603 1520 3651 eaerum

272 3700 414 3778 ennena,
444 3719 545 3766 saeros
567 3700 755 3767 charaeteros
784 3701 1006 3785 praeseferens,
1038 3705 1126 3768 ser.nli
1155 3699 1293 3768 Caesaris
1323 3703 1354 3767 et
1376 3700 1520 3767 olrristia·

272 3817 394 3882 nissimi
416 3816 608 3900 imperatoris
631 3816 716 3882 iussu
740 3817 831 3882 luerit
854 3817 1039 3882 interiectus.
1086 3816 1150 3882 Hoo
1172 3817 1204 3883 in
1229 3817 1316 3883 nobis
1339 3836 1400 3883 uon
1423 3818 1520 3882 solunr

272 3931 455 4011 molestiam,
479 3931 532 4000 sed
561 3931 657 3998 animi
680 3931 773 3998 etiam
804 3931 938 3999 dolorem
961 3951 1022 3998 non
1044 3932 1227 3999 medioerem
1256 3933 1403 4010 oonoitat;
1433 3935 1522 4018 atque

272 4067 306 4114 eo
329 4047 430 4132 magis
459 4047 547 4133 quod,
570 4067 640 4113 oum
663 4049 869 4114 asservaretur
889 4049 923 4114 in
945 4048 1094 4128 custodia,
1124 4067 1193 4114 oum
1223 4048 1374 4116 iudicibus
1404 4051 1442 4115 ab
1464 4050 1521 4115 hae

273 4161 385 4230 Sancta
408 4161 485 4230 Sede
514 4163 595 4230 datis
625 4164 658 4231 in
681 4164 782 4249 ipsum
805 4183 891 4230 reum
922 4163 1089 4229 multorum
1119 4163 1283 4232 eriminum
1311 4165 1520 4249 inquireretur,

271 4279 406 4346 dedisset
428 4279 482 4345 ille
504 4279 569 4346 iure
596 4280 727 4364 praevio,
750 4298 811 4345 non
833 4279 922 4346 modo
938 4281 1074 4346 veterum
1099 4281 1246 4347 saelorum
1262 4299 1394 4360 suorum,
1418 4299 1520 4346 verum

367 4529 385 4598 Ι)
404 4531 519 4578 omnim
537 4535 593 4578 runt
612 4533 691 4580 rerba:
712 4534 791 4590 ,omni
810 4535 887 4582 autam
907 4533 1021 4596 supplicio
1039 4533 1227 4592 diniuimuru.‘
