3364 5102
792 351 1036 422 -362-

286 543 420 628 quotidie
447 543 552 612 fideles
574 566 613 613 m.
637 567 663 614 v.
688 547 848 614 servitores
871 548 908 616 de
938 547 1014 614 vado
1037 545 1131 612 Zawii
1156 546 1210 612 ubi
1238 565 1314 631 pons
1340 546 1465 630 paratus
1489 547 1539 612 est

286 662 466 727 revenerunt
487 664 518 727 et
533 661 674 728 dixerunt
696 663 775 748 quod
793 665 881 748 plura
904 683 996 747 quam
1018 662 1085 728 iii.m
1105 662 1325 729 teutonicorum
1348 664 1410 729 iam
1425 684 1460 729 er
1474 663 1537 730 ista

285 778 372 861 parte
387 777 481 843 Zawii
502 778 536 843 in
552 776 663 844 Sirmio
678 779 738 844 fixa
754 780 826 845 sunt
840 781 929 863 prout
952 779 1097 844 extimare
1119 781 1295 862 potuerunt;
1315 779 1418 864 jacent
1433 781 1535 854 autem

284 895 391 977 gentes
415 894 582 959 Turoarum
613 915 649 960 er
671 896 809 978 opposito
841 895 1066 979 Sarnopathara
1088 897 1121 960 in
1143 895 1334 979 longitudine
1363 896 1482 979 llchege
1504 899 1537 962 et

284 1009 408 1075 civitate
431 1010 582 1094 Zempliin
604 1030 639 1075 er
663 1011 724 1076 alia
747 1015 850 1078 autmn
872 1015 959 1097 parte
985 1012 1122 1078 ulteriori
1145 1012 1290 1095 planicies
1314 1014 1345 1078 et
1368 1013 1461 1077 silvas
1483 1011 1532 1078 di-

284 1127 358 1192 cunt
386 1127 524 1193 totaliter
552 1127 692 1193 tentoriis
716 1128 791 1193 fixas
814 1148 880 1195 esse
902 1131 933 1194 et
962 1128 1108 1212 repletas;
1140 1129 1165 1194 si
1188 1131 1236 1194 est
1258 1129 1369 1213 aliquis
1400 1129 1533 1195 fidelium

283 1262 310 1307 u.
334 1262 374 1308 m.
398 1243 451 1327 qni
474 1243 532 1309 loci
554 1243 639 1309 illius
669 1262 786 1310 memor
814 1245 926 1310 erista
955 1246 986 1310 et
1015 1244 1114 1310 adhuc
1143 1244 1268 1310 domum
1295 1244 1446 1330 Dalpbegi
1475 1263 1533 1329 qua

283 1358 395 1426 fecorat
417 1359 481 1425 illic
497 1360 581 1426 extra
596 1359 762 1438 civitatem,
785 1359 891 1426 dicunt
913 1360 1030 1445 passim
1053 1363 1099 1426 tot
1114 1361 1245 1426 tentoria
1268 1380 1381 1444 magna
1396 1364 1427 1438 et
1441 1379 1533 1445 parva

279 1474 520 1560 janiiolrarorum
540 1475 574 1542 in
589 1495 701 1559 magno
724 1477 803 1542 terre
820 1478 918 1561 spatio
941 1476 1048 1543 haberi
1065 1477 1100 1540 ut
1123 1476 1160 1541 dc
1176 1477 1289 1543 recenti
1304 1479 1342 1542 ab
1358 1477 1533 1543 hominibus

282 1591 335 1676 qui
356 1591 412 1657 illa
435 1592 558 1676 alonge
580 1591 789 1676 conspicerent
811 1593 990 1676 apparerent
1004 1611 1075 1659 oves
1098 1611 1165 1659 esse
1180 1593 1433 1670 inunmerabiles;
1455 1613 1532 1659 non-

282 1706 356 1774 dum
378 1709 481 1774 tamen
496 1707 620 1793 ingenia
642 1708 739 1792 ipsius
755 1707 894 1775 Caesada
915 1708 1043 1775 traiecta
1067 1711 1139 1775 sunt
1162 1708 1215 1775 sed
1230 1709 1319 1776 modo
1335 1708 1533 1774 transvadant

281 1843 352 1890 cum
375 1824 439 1890 illis
455 1824 581 1890 flurium
597 1823 701 1890 Murra.
735 1825 801 1889 lam
817 1824 913 1910 igitur
928 1825 1031 1891 videat
1047 1827 1112 1892 sola
1126 1825 1272 1891 maiestas
1288 1828 1389 1891 vestra
1412 1826 1440 1890 si
1462 1825 1533 1910 quid

281 1939 353 2006 hnic
376 1960 468 2024 regno
492 1958 546 2006 suo
570 1939 682 2025 poterit
705 1960 860 2007 sucurrere
882 1943 914 2006 et
937 1941 963 2007 si
979 1941 1094 2026 cogitat
1117 1942 1174 2007 hoc
1195 1961 1323 2025 regnum
1341 1961 1430 2007 suum
1453 1960 1533 2016 essa;

279 2075 353 2122 nam
376 2054 486 2122 Caesar
515 2057 656 2140 operatur
678 2075 731 2139 pro
761 2074 795 2122 eo
820 2057 896 2122 satis
927 2057 1056 2123 ferventi
1078 2076 1150 2122 cura
1172 2057 1224 2141 qni
1254 2061 1354 2122 castra
1382 2075 1437 2122 sua
1461 2075 1532 2122 con·

280 2171 460 2239 descendere
482 2170 554 2237 fecit
576 2171 609 2237 in
632 2171 697 2238 looo
720 2172 773 2255 qui
796 2173 972 2239 nominatur
987 2173 1145 2252 Wraohar
1168 2175 1326 2257 erpettans
1350 2173 1461 2240 saltem
1482 2173 1531 2239 in·

280 2285 372 2371 genia
401 2290 432 2353 et
456 2285 572 2372 (pesce)
590 2287 730 2371 Baryano
754 2287 832 2372 quod
847 2288 974 2355 habebit
988 2289 1143 2356 comedere
1165 2288 1241 2355 feria
1256 2289 1387 2355 secunda
1408 2291 1533 2355 uentura

279 2404 310 2468 et
324 2403 389 2469 Deo
412 2402 637 2469 immolationes
660 2402 756 2469 facere
782 2423 852 2470 oum
874 2404 993 2470 thauris
1016 2405 1142 2471 camelis
1165 2407 1195 2471 et
1219 2405 1326 2472 ovibus
1349 2405 1533 2490 principatui

279 2518 327 2585 sui
350 2519 499 2586 exercitus
522 2521 570 2584 est
592 2519 791 2585 commissum
814 2539 881 2587 esse
904 2520 1175 2587 immolationibus.

369 2633 498 2719 Scripsit
519 2637 622 2700 autam
645 2654 686 2700 m.
702 2654 728 2701 v.
752 2635 785 2700 in
808 2635 868 2702 fine
890 2636 1064 2702 litterarum
1095 2654 1219 2701 suarum
1241 2637 1277 2700 ut
1299 2636 1375 2701 vada
1398 2636 1465 2720 ipsa
1488 2637 1532 2701 ita

279 2752 355 2818 bane
377 2749 529 2817 custodire
552 2749 695 2817 deberent
718 2771 756 2817 ne
778 2752 877 2818 hostis
897 2751 988 2817 Zaun
1011 2752 1050 2818 ad
1072 2753 1128 2817 has
1151 2754 1253 2835 partes
1277 2752 1407 2818 transire
1430 2755 1532 2836 posset

277 2866 358 2950 quod
380 2866 512 2950 profecto
536 2865 673 2932 omnium
696 2866 871 2932 testimonio
894 2869 1013 2952 poterat
1036 2867 1103 2934 lieri
1126 2867 1152 2934 si
1175 2867 1223 2932 illi
1239 2867 1356 2933 domini
1378 2887 1431 2951 per
1446 2888 1487 2933 m.
1504 2887 1530 2933 v.

278 2983 336 3047 lruc
359 2979 497 3065 deputati
519 3000 580 3047 non
602 3000 655 3065 per
678 2980 808 3048 Cancros
831 2982 1048 3066 gradiebantur
1076 2982 1290 3049 descendentes
1313 2985 1344 3048 et
1373 3002 1424 3050 eos
1446 3003 1487 3049 m.
1503 3003 1531 3050 v.

278 3118 301 3164 s.
324 3097 364 3163 ad
386 3097 448 3163 alia
470 3097 535 3163 loca
558 3115 619 3162 non
641 3098 808 3162 revocabat.
855 3096 1034 3164 Commissit
1055 3099 1137 3164 enirn
1161 3119 1200 3163 m.
1217 3119 1243 3164 v.
1260 3098 1288 3164 d.
1304 3117 1349 3182 ep.
1373 3096 1530 3183 Quinque-

276 3213 452 3280 ecclesiensi
466 3214 502 3278 ut
517 3213 627 3278 saltem
650 3211 689 3277 ad
704 3213 801 3278 azoer
823 3213 1004 3279 conveniant
1018 3233 1091 3298 erga
1106 3213 1135 3279 d.
1153 3214 1343 3288 Palatinum
1367 3214 1531 3280 comitatus

276 3331 379 3395 autem
411 3326 668 3413 Ohongradiensis
692 3331 722 3394 ot
752 3328 846 3394 etiam
868 3328 905 3394 de
927 3328 1052 3414 Dodrog
1081 3330 1166 3396 ouius
1190 3331 1219 3395 et
1248 3329 1418 3396 iurisdictio
1444 3330 1530 3413 prius

276 3443 335 3510 huo
358 3444 529 3528 pertinebat
551 3463 592 3509 m.
608 3462 635 3509 v.
652 3463 713 3509 una
736 3463 805 3510 cum
822 3444 930 3528 quinta
952 3446 1038 3528 parte
1053 3444 1236 3512 rusticorum
1258 3446 1395 3529 ipsorum
1411 3446 1530 3510 vomrit
1652 3419 1653 3442 ³

275 3559 369 3625 etiam
392 3559 464 3625 hino
487 3559 564 3625 alios
587 3558 627 3624 ad
650 3579 690 3638 se,
714 3558 792 3625 alios
816 3559 886 3625 aliis
909 3559 1081 3644 deputarit;
1110 3561 1199 3626 modo
1222 3562 1325 3626 autem
1347 3560 1399 3626 hio
1421 3560 1454 3626 in
1477 3558 1527 3625 Si-

274 3675 365 3742 rimio
387 3695 476 3742 nemo
499 3677 547 3741 est
568 3676 668 3757 preter
690 3677 798 3759 gentes
821 3674 960 3740 Caesaris
978 3676 1145 3741 Turdorum
1168 3678 1199 3742 et
1222 3677 1277 3742 lros
1301 3695 1412 3760 paucos
1434 3676 1526 3741 fami·

275 3790 349 3858 lioos
373 3791 534 3857 servitores
557 3811 597 3856 m.
613 3810 640 3855 v.
665 3790 775 3873 quibus
799 3790 906 3856 eadem
930 3791 1037 3866 solrit3
1060 3791 1155 3876 igitur
1178 3811 1238 3857 non
1261 3791 1452 3859 solummodo
1475 3811 1528 3874 per

274 3908 400 3973 Zauum
423 3925 528 3972 verum
551 3905 644 3972 etiam
668 3908 699 3972 et
721 3925 775 3990 per
796 3906 972 3973 Danubium
996 3907 1134 3991 cogimur
1155 3907 1296 3973 inimicos
1318 3907 1526 3973 transmittere

275 4023 353 4090 velle
375 4025 407 4087 et
421 4022 511 4100 nolle,
534 4021 693 4087 nonenim
715 4022 812 4088 habeo
828 4042 897 4088 cum
918 4023 1029 4107 quibus
1052 4023 1116 4088 illis
1132 4023 1286 4098 resistere3
1310 4023 1401 4088 iussit
1424 4025 1524 4088 autem

274 4138 353 4205 milri
376 4157 416 4204 m.
433 4157 460 4204 r.
476 4140 561 4203 entra
583 4138 639 4203 hoc
662 4139 797 4203 castrum
822 4137 896 4204 fieri.
920 4139 1027 4221 ltaque
1050 4139 1212 4205 maiam
1235 4138 1373 4223 assignet
1396 4142 1426 4204 et
1449 4137 1523 4203 mihi

273 4256 374 4321 locum
397 4253 436 4319 ad
459 4273 550 4338 quem
573 4253 765 4320 dominorum
789 4273 838 4318 me
861 4253 996 4320 conferre
1018 4254 1145 4320 debeam
1168 4273 1236 4320 oum
1260 4254 1330 4319 istis
1352 4252 1465 4338 paneis.

362 4367 523 4435 Peditibus
545 4367 639 4437 etiam
655 4389 682 4436 v.
698 4373 761 4435 ml·
779 4369 812 4433 in
826 4369 883 4434 hoc
906 4369 1006 4436 castro
1020 4369 1221 4436 existentibus
1239 4369 1354 4436 mensis
1376 4368 1526 4454 expirabit

273 4485 395 4563 statim;
418 4503 494 4571 quos
516 4483 610 4552 timeo
632 4503 686 4570 pro
709 4485 790 4552 certo
812 4503 851 4551 ue
872 4502 978 4552 omnes
993 4484 1154 4571 surgant
1176 4484 1287 4553 etheo
1308 4485 1444 4552 astrum
1466 4501 1522 4552 aa·
