3396 5090
750 296 995 408 ...Μ’-

246 533 348 602 sorbis
370 533 488 602 hortari
509 533 563 600 aut
585 551 708 602 monere
729 551 852 601 necesse
873 551 949 616 esse,
978 553 1049 602 cnm
1070 533 1139 620 ipss
1160 534 1311 620 optimum
1337 533 1501 604 consilinm

245 669 299 734 per
321 669 354 717 se
382 652 509 736 captura
530 649 580 718 sit.
624 649 709 718 IMud
736 651 906 718 extremum
936 649 1114 730 adicimus,
1144 649 1173 717 si
1202 651 1357 718 recomtm
1386 649 1501 718 inerint

245 765 391 834 honestae
413 764 601 834 conditiones
615 765 708 851 pacis,
731 784 787 833 nos
809 785 865 834 nec
887 765 1033 852 dignitati
1048 767 1170 834 nocuae
1191 785 1247 834 nec
1268 766 1424 834 ιιοιιιιιιιιιιι
1446 785 1499 834 sa·

245 881 305 948 luti
333 880 471 948 omnium
502 882 641 948 nostrum
664 883 696 949 et
718 884 854 948 vestmm
884 881 1079 968 libertatique
1101 881 1211 949 Italiae
1239 901 1307 950 esse
1335 881 1499 951 defuturos.

249 996 368 1063 Datum
390 996 505 1064 Bomos
526 995 577 1063 dis
599 995 692 1064 xviiii
714 997 893 1065 Decembris
915 997 1035 1066 mdxxr.
1080 997 1281 1066 Pontificatus
1302 998 1401 1066 nostri
1422 1017 1501 1065 enno

245 1111 346 1180 tertio.

839 1377 912 1446 let.

656 1541 838 1606 Cardlnali
860 1544 1088 1604 Eboracensi.

335 1697 454 1765 Dilecta
477 1697 524 1764 lili
546 1699 657 1764 noster.
703 1695 780 1764 Cum
802 1698 965 1782 perpetuus
987 1699 1091 1765 noster
1113 1696 1211 1764 animi
1231 1698 1318 1765 labor
1339 1701 1371 1765 et
1392 1698 1499 1765 ecdem

248 1833 366 1898 semper
381 1833 452 1881 eura
468 1812 638 1880 suadendae
653 1813 820 1881 monendae
835 1815 866 1880 et
881 1813 1086 1880 conciliandae
1101 1813 1185 1898 pacis
1200 1814 1383 1881 uniuersalis
1398 1812 1499 1894 luerit,

247 1932 405 2014 propterea
428 1929 508 2014 quod
530 1932 562 1996 et
583 1931 640 1996 hoc
661 1929 796 1996 officium
818 1930 903 2014 pium
934 1931 1024 2014 atque
1047 1931 1188 1997 sanctum
1211 1929 1413 2014 omnipotenti
1434 1929 1498 1995 Deo

247 2045 371 2131 eiusque
395 2047 517 2114 sanctae
546 2044 617 2112 fidei
645 2065 699 2131 pro
722 2045 845 2113 honoris
875 2046 974 2113 nostri
994 2045 1092 2131 gradu
1121 2045 1294 2124 debeamus,
1316 2047 1348 2112 et
1370 2044 1499 2112 infinitis

249 2161 341 2228 malis
357 2163 464 2230 venata
486 2162 659 2247 afflictaque
674 2161 885 2230 christianitas
907 2181 1012 2248 pacem
1030 2161 1156 2229 tandem
1178 2162 1342 2249 aliquando
1364 2163 1499 2249 etquic-

249 2279 311 2344 tem
342 2277 543 2358 desiderabat,
572 2297 642 2344 cnm
664 2278 725 2363 ipsi
754 2297 825 2346 cum
855 2277 1100 2346 senoensem
1130 2277 1373 2347 coniunctionem
1402 2278 1500 2346 iacere

249 2394 350 2461 conati
379 2394 503 2472 inimus,
526 2393 560 2460 ιιι
581 2412 649 2479 qua,
672 2395 708 2460 nt
731 2393 790 2460 tibi
812 2395 918 2460 notum
942 2393 1009 2472 ιιιιι,
1032 2393 1124 2460 istius
1147 2395 1241 2461 etiam
1264 2394 1372 2480 inclyti
1394 2396 1426 2461 et
1447 2394 1498 2460 in·

250 2509 415 2577 victissimi
429 2509 512 2596 regis
527 2509 691 2576 auctoritas
714 2512 745 2578 et
766 2527 877 2577 nomen
892 2509 1216 2595 comprehendebaturr
1233 2513 1299 2578 tum
1322 2528 1393 2576 vero
1408 2509 1498 2576 rebus

248 2624 313 2692 illis
343 2625 461 2693 tardius
482 2627 515 2693 et
542 2625 700 2693 difficilius
730 2625 975 2706 succedentibus,
998 2627 1132 2692 vestram
1162 2645 1232 2692 cnm
1260 2643 1354 2710 regno
1376 2627 1408 2692 et
1429 2643 1501 2710 rege

250 2743 434 2809 Francorum
456 2761 563 2827 pacem
585 2741 834 2828 concordiamque
856 2741 1060 2826 peperimus,
1083 2741 1266 2826 accipientes
1289 2759 1408 2825 semper
1430 2761 1498 2809 om·

249 2835 320 2924 nem
343 2857 497 2926 amicitiae
519 2857 762 2927 coniunctionem
783 2878 838 2943 pro
861 2858 990 2926 salutari
1004 2857 1105 2926 omine
1127 2857 1315 2926 desideratae
1337 2857 1429 2942 pacis.
1460 2857 1499 2924 In

249 2975 341 3041 ltalia
362 2993 433 3042 sero
455 2994 526 3042 cnm
541 2974 642 3042 subito
664 2975 697 3042 et
711 2973 868 3059 inopinate
889 2973 1025 3053 consilio,
1041 2971 1179 3041 Caesaris
1201 2973 1338 3042 ministri
1355 2973 1500 3040 ducatum

250 3089 416 3158 Mediolani
431 3089 471 3158 ad
491 3109 646 3158 caesareas
662 3109 781 3170 manus
803 3091 913 3158 reiecto
928 3092 960 3158 et
974 3091 1098 3159 obsesso
1113 3089 1278 3176 duocimo,
1299 3089 1499 3170 reduxissent

249 3205 409 3274 videbatur
430 3207 553 3292 penitus
576 3207 697 3273 exclusa
726 3205 804 3273 ratio
826 3207 858 3272 et
879 3203 1025 3291 cogitatio
1047 3205 1141 3291 pacis,
1170 3223 1283 3290 nosque
1305 3204 1366 3290 ipsi
1388 3224 1498 3290 qnam·

248 3341 341 3408 quam
363 3324 499 3408 aegrest
513 3321 612 3402 insiti,
635 3321 816 3390 necessitate
837 3322 942 3389 tamen
963 3321 1032 3407 ipsa
1049 3321 1135 3388 euius
1150 3320 1198 3389 ris
1220 3320 1368 3388 acerrima
1389 3322 1445 3401 est
1460 3319 1500 3387 ad

249 3457 404 3506 armorum
426 3439 458 3505 et
480 3437 554 3505 belli
576 3437 704 3506 consilia
727 3437 934 3522 rapiebamur3
957 3436 1108 3522 cumipse
1130 3437 1164 3504 in
1185 3437 1314 3505 articulo
1336 3434 1499 3522 capiendo·

248 3573 318 3622 rum
340 3553 536 3622 consiliorum
557 3553 641 3622 venit
663 3553 703 3620 od
722 3573 778 3620 nos
801 3553 916 3620 missum
939 3571 958 3619 a
980 3550 1107 3620 Caesam
1128 3551 1181 3632 dil.
1204 3553 1247 3620 fil
1270 3551 1500 3620 commendator

252 3669 383 3738 Memora
404 3670 496 3737 homo
524 3669 637 3755 probus
658 3669 823 3736 admodum
845 3671 877 3735 et
904 3667 1037 3754 prudens
1059 3689 1129 3736 cnm
1150 3669 1305 3736 mandatis
1326 3669 1359 3736 et
1378 3667 1501 3747 litteris,

250 3785 360 3870 quibus
390 3785 478 3854 nobis
508 3803 687 3870 persuasum
711 3803 776 3854 sero
799 3784 963 3852 sataliam
985 3804 1053 3852 esse
1080 3786 1216 3854 montem
1239 3784 1377 3852 Caesaris
1406 3801 1498 3869 quam

247 3920 304 3968 nos
319 3901 467 3986 suspicati
481 3919 612 3982 eramus,
634 3900 851 3986 ministrosque
873 3900 958 3967 illius
980 3899 1014 3968 in
1028 3899 1121 3967 Italia
1144 3899 1239 3967 inisse
1253 3899 1306 3984 qui
1321 3901 1500 3984 quaererent

248 4017 373 4096 bellum,
395 4017 497 4102 ipsum
512 4036 582 4085 uero
597 4015 758 4084 Caesarem
779 4017 921 4102 appetere
942 4033 1064 4100 pacem;
1087 4033 1123 4083 ac
1145 4015 1182 4082 ds
1205 4014 1317 4082 ducatu
1332 4013 1499 4082 Mediolani

247 4133 281 4200 in
303 4151 389 4218 spem
411 4151 558 4219 magnam
580 4133 720 4200 venimus
742 4149 813 4199 eum
836 4131 906 4198 duci
929 4151 982 4199 suo
1005 4131 1184 4198 restitutum
1205 4130 1253 4198 iri.
1299 4128 1366 4210 Quo
1388 4128 1499 4196 nuncio

248 4249 382 4328 recreati,
405 4267 490 4334 spem
512 4247 677 4333 pristinem
699 4250 731 4314 et
746 4247 883 4314 studium
897 4247 1073 4316 tractandae
1095 4250 1127 4314 st
1149 4245 1319 4316 suadendae
1341 4244 1425 4330 pacis
1447 4264 1497 4311 re·

248 4365 451 4450 sumpsimus;
480 4365 628 4448 captoque
649 4363 778 4430 duorum
800 4363 953 4430 mensium
983 4363 1081 4449 spatio
1103 4363 1186 4431 intra
1207 4363 1287 4448 qnod
1309 4359 1420 4428 &esar
1441 4361 1497 4428 de-

247 4479 436 4550 liberationis
460 4497 533 4547 suae
553 4479 719 4566 participes
740 4496 796 4548 uos
818 4478 939 4561 iaeerot
968 4480 1000 4548 et
1021 4477 1060 4548 de
1081 4479 1194 4548 ducatu
1216 4477 1383 4546 Mediolani
1403 4476 1497 4546 resti
