3346 5084
780 429 1024 496 -462-

274 624 437 710 eipientem
466 624 601 691 Joannes
634 626 793 709 epIscopus
822 645 926 692 servus
963 645 1118 693 servemm
1147 626 1206 693 Dei
1236 627 1403 694 venerabili
1439 627 1526 695 tratri
1656 639 1657 676 ³

273 743 412 826 episcopo
434 740 621 808 Ferrariensi
643 741 699 805 sub
722 741 795 805 data
816 741 962 809 Arinioni
984 741 1100 808 decimo
1123 742 1269 809 kalendas
1292 741 1400 809 Martii
1420 745 1524 828 ponti-

273 859 381 923 ficatus
404 875 482 922 anno
506 859 597 922 serto.
629 855 708 921 Item
732 855 826 921 aliam
848 857 966 922 bullam
989 856 1185 940 incipientem
1208 855 1344 923 loannes
1366 858 1524 943 episeopus
1656 899 1657 942 p

274 993 379 1040 servus
402 991 558 1040 serrorum
572 971 632 1037 Dei
652 970 819 1037 venerabili
833 971 922 1037 fratri
936 972 1097 1057 hymerico
1120 971 1344 1057 archiepiscopo
1359 974 1523 1039 Ravenna·
1656 1027 1657 1040 ,

273 1090 354 1155 tensi
369 1108 438 1154 cum
454 1087 579 1170 plumbo
595 1104 658 1166 suo,
681 1085 785 1151 datam
800 1086 945 1152 Arinioni
968 1087 1097 1171 septimo
1111 1086 1181 1152 idus
1197 1089 1314 1172 Aprilis
1329 1089 1524 1173 pontificatue

273 1223 353 1269 anno
375 1203 514 1286 septimo.
552 1201 632 1267 Item
655 1201 749 1266 aliam
770 1201 968 1285 incipientem
990 1201 1123 1268 loannes
1147 1203 1305 1287 episcopus
1329 1222 1433 1270 servus
1458 1223 1524 1270 ser·
1656 1209 1657 1272 ἶ

274 1317 380 1385 rorum
403 1318 461 1385 Dei
483 1317 650 1384 venerabili
671 1316 760 1382 fratri
782 1317 1005 1401 archiepiscopo
1028 1318 1256 1385 Ravennatensi
1279 1319 1335 1384 sub
1358 1319 1430 1385 (lata
1444 1319 1524 1386 Ari-

273 1433 359 1500 uioni
386 1432 533 1499 kalendas
563 1429 751 1515 Septembris
781 1451 860 1498 anno
884 1433 1022 1516 septime.
1067 1434 1147 1499 Item
1176 1433 1271 1499 aliam
1300 1435 1418 1500 bullam
1445 1433 1525 1500 iuci-

272 1550 407 1633 pientem
430 1547 564 1615 loannes
587 1548 865 1632 episcopusservus
889 1566 1044 1615 servorum
1059 1549 1117 1615 Dei
1139 1551 1364 1616 venerabilibus
1378 1550 1527 1616 fratribus
1656 1609 1657 1622 ,

273 1664 496 1748 archiepiscopo
519 1664 754 1744 Ravennatensi‚
782 1665 814 1729 et
836 1664 983 1730 Imolensi
1004 1666 1059 1731 etc.
1105 1666 1187 1732 Item
1217 1666 1311 1733 aliam
1333 1667 1451 1732 bullam
1474 1666 1526 1732 in-
1656 1679 1657 1684 ’

273 1781 437 1865 eipientem
458 1780 493 1845 in
507 1777 624 1844 Christi
645 1777 768 1846 nomine
789 1798 887 1859 aman,
910 1783 990 1846 anno
1012 1780 1147 1846 eiusdem
1164 1780 1336 1848 nativitatis
1358 1781 1527 1847 millesimo
1656 1779 1657 1816 ³

273 1895 480 1963 tricentesimo
502 1894 659 1980 vigesimo.
705 1895 743 1960 In
765 1894 825 1960 fine
847 1898 951 1961 autem
973 1895 1130 1979 publicum
1152 1896 1399 1964 instrumentum.
1444 1897 1527 1962 Item
1656 1879 1657 1882 ¹

274 2013 368 2079 aliam
389 2011 508 2078 bullam
530 2010 736 2094 incipientem.
766 2011 805 2077 In
820 2010 936 2076 Christi
958 2011 1081 2079 nomine
1103 2011 1152 2079 die
1166 2012 1257 2078 lunae
1271 2013 1332 2080 tine
1346 2032 1416 2079 vero
1438 2013 1528 2098 posui

273 2129 458 2194 consuetum.
486 2127 566 2192 Item
580 2126 674 2192 aliam
688 2127 806 2193 bullam
821 2127 1017 2210 incipientem
1031 2127 1186 2194 Arnaldus
1201 2128 1398 2195 miseratione
1413 2127 1525 2194 divina

273 2246 310 2310 In
333 2245 393 2310 fine
415 2261 484 2310 vero
508 2261 586 2308 anno
608 2245 723 2328 quarto.
768 2243 849 2310 Item
872 2243 966 2308 aliam
988 2243 1105 2309 bullam
1135 2243 1333 2328 incipientem
1354 2244 1388 2310 in
1410 2241 1528 2309 Christi

272 2359 395 2426 nomine
417 2377 515 2425 amen.
560 2358 598 2423 In
619 2357 679 2425 fine
702 2378 771 2425 vero
794 2359 891 2425 facere
919 2359 1076 2442 publicum
1099 2359 1354 2436 instrumentum
1375 2359 1451 2425 item
1473 2359 1526 2424 in-

273 2476 478 2541 strumentum
499 2475 656 2559 publicum
677 2473 839 2558 incipiente
862 2474 1023 2541 Universis
1044 2476 1199 2559 presentes
1213 2475 1320 2541 lIteras
1337 2474 1527 2559 subscriptas
1656 2463 1657 2502 r

272 2609 367 2657 manu
388 2589 546 2656 cuiusdam
569 2609 617 2657 ser
631 2589 759 2657 Antonii
780 2590 818 2657 (le
840 2588 969 2657 Codano.
998 2590 1079 2657 Item
1103 2609 1196 2657 unam
1218 2590 1313 2656 aliam
1336 2591 1454 2657 bullam
1473 2591 1524 2656 in-
1656 2665 1657 2680 1

273 2707 436 2790 eipientem
451 2706 611 2773 Universis
633 2708 788 2791 presentes
805 2706 930 2773 lecturis
945 2706 1102 2772 finientem
1118 2707 1150 2773 et
1170 2707 1350 2791 pontificatu
1372 2706 1528 2791 predictis,
1656 2761 1657 2774 r

273 2823 383 2907 quibus
406 2822 548 2887 omnibus
571 2823 674 2888 utente
697 2823 730 2888 in
752 2823 837 2905 parte
860 2823 891 2888 et
913 2823 1051 2907 partibus
1082 2822 1211 2888 faciente
1233 2824 1264 2888 et
1286 2821 1468 2888 facientibus
1491 2821 1528 2888 in

190 2979 192 2984 -
274 2939 408 3004 fauorem
430 2937 544 3003 iurium
567 2957 590 3002 s.
606 2935 722 3003 demini
744 2936 842 3004 nostri
863 2937 897 3002 in
919 2936 990 3003 aliis
1005 2956 1075 3004 vere
1097 2936 1344 3022 preiudicialibus
1367 2955 1428 3004 non
1450 2957 1527 3004 een-

274 3053 424 3120 sentiente
448 3052 500 3119 sed
515 3071 654 3136 expresso
676 3052 908 3133 contradicente,
932 3071 1016 3138 quas,
1039 3055 1071 3119 et
1092 3072 1197 3119 aarum
1213 3053 1383 3137 quamlibet
1404 3054 1530 3137 petente

276 3168 451 3252 recognosci
473 3187 491 3232 a
515 3167 605 3234 clietIs
627 3168 759 3234 testibus
782 3187 822 3234 an
845 3168 909 3234 siut
931 3169 1098 3253 scripturae
1120 3168 1246 3235 archivii
1268 3167 1385 3252 publici
1406 3169 1534 3235 sanctae

273 3283 460 3351 Raremmis
484 3283 627 3350 ecclesiae
649 3302 704 3349 nec
718 3303 765 3364 ne,
788 3285 819 3350 et
841 3303 881 3350 an
903 3283 943 3349 ad
957 3283 1028 3350 illas
1050 3286 1200 3351 eteorum
1223 3283 1392 3368 quamlibet
1408 3303 1532 3368 semper
1656 3303 1657 3314 ¹

272 3399 364 3465 fuerit
378 3398 438 3465 etsi
452 3399 576 3465 babitus
591 3419 728 3466 reversus
744 3400 890 3483 tanquam
906 3399 944 3465 ad
953 3419 1024 3466 vera
1039 3399 1201 3484 originalia
1215 3399 1399 3478 authentica,
1415 3401 1529 3466 etma-

274 3515 373 3596 trices,
389 3515 419 3582 et
433 3515 499 3581 illis
513 3516 545 3581 et
559 3532 663 3581 aarum
673 3515 799 3581 cuilibet
814 3534 933 3598 semper
947 3517 980 3582 et
993 3515 1125 3581 maxima
1142 3515 1177 3580 sb
1193 3515 1282 3580 annis
1297 3534 1325 3581 x.
1335 3533 1381 3580 xx.
1391 3533 1455 3580 m
1465 3515 1531 3582 Io·

273 3632 449 3716 octuagiata
470 3632 502 3697 et
523 3631 661 3709 centum,
683 3631 715 3696 et
736 3631 818 3696 cetra
840 3632 871 3696 et
891 3631 988 3709 ultra,
1017 3631 1049 3696 et
1071 3649 1190 3714 semper
1212 3632 1244 3695 et
1265 3629 1407 3696 contiuua
1429 3629 1467 3694 ad
1492 3649 1528 3697 eo

272 3747 352 3832 quod
373 3746 521 3812 memoria
542 3747 575 3812 in
596 3745 782 3811 eontrarium
804 3765 865 3812 non
886 3747 969 3811 extat
991 3745 1082 3811 luerit
1104 3746 1163 3812 etsi
1186 3747 1275 3829 plena
1297 3746 1328 3811 et
1351 3744 1529 3811 indubitata

273 3862 349 3929 fides
365 3863 402 3928 ab
425 3862 566 3929 omnibus
587 3861 621 3927 in
636 3861 746 3928 iudicio
769 3863 800 3928 et
814 3863 906 3941 entra,
930 3863 960 3927 et
975 3861 1060 3927 omni
1074 3862 1134 3928 alie
1156 3860 1275 3927 maltori
1293 3858 1382 3927 modo
1402 3862 1458 3926 etc.

362 3980 507 4045 Prosente
529 3978 610 4045 dicto
633 3978 661 4044 d.
685 3977 812 4045 Nicolao
835 3977 915 4043 dicto
937 3977 1069 4057 nomine,
1091 3979 1123 4043 et
1145 3976 1289 4061 predictis
1312 3995 1372 4042 nou
1396 3995 1526 4044 consen·
1656 3971 1657 3998 Τ

273 4096 369 4162 tiente
397 4095 458 4161 nisi
480 4095 513 4160 in
541 4096 626 4179 parte
649 4096 680 4160 et
705 4095 848 4179 partibus
870 4113 915 4168 ao¹
933 4095 1122 4177 protestante
1145 4094 1181 4160 ‹le
1204 4093 1348 4159 nullitate
1378 4112 1434 4159 nec
1463 4113 1527 4160 non

273 4213 407 4279 instante
436 4231 471 4278 ac
501 4213 622 4296 petente
651 4211 798 4278 declarari
826 4230 879 4294 par
902 4210 929 4276 (t
953 4211 981 4277 l.
1010 4212 1234 4295 procuratorem
1262 4229 1286 4276 s.
1309 4209 1337 4275 d.
1361 4229 1390 4276 n
1421 4211 1526 4275 utrum

272 4327 418 4394 hodierna
440 4327 489 4394 die
512 4326 651 4394 intendat
673 4327 838 4412 exemplari
866 4327 964 4393 facere
986 4326 1136 4411 predictas
1159 4326 1261 4391 bullas
1283 4324 1367 4390 iuxta
1390 4325 1526 4390 tenorem

272 4444 430 4510 literarum
453 4464 509 4511 ser.
533 4444 650 4510 domiui
670 4443 863 4528 imperatoris
886 4442 935 4509 vel
957 4432 1165 4509 transmittere
1187 4441 1226 4507 ad
1249 4440 1401 4526 prefatum
1424 4440 1523 4522 impa—
1656 4425 1657 4448 ¹

272 4562 404 4626 retorem
426 4562 461 4625 ut
482 4561 580 4646 possit
603 4561 770 4627 deliberare
791 4559 865 4646 quid
887 4559 1039 4646 agendum
1064 4559 1105 4625 sit
1127 4577 1181 4643 pre
1209 4559 1294 4643 parte
1317 4557 1361 4622 ill.
1386 4556 1414 4622 l.
1439 4553 1524 4622 ducis
1656 4597 1657 4600 =
