3364 5102
674 426 1017 504 -361-.

166 623 283 695 festum
306 625 522 694 Pentheeostes
544 625 714 710 expatiatur
734 623 864 691 insimul
885 644 956 691 eum
978 621 1095 690 eisdam
1116 623 1148 690 et
1162 620 1320 708 provideat
1342 641 1419 708 gen-

168 743 254 811 tibus
276 742 380 810 omnia
402 741 534 810 eoniinia
555 741 627 828 quia
648 741 739 827 prout
753 739 958 827 intelligimus
981 740 1048 808 sine
1070 738 1162 807 dubio
1183 738 1330 808 maiestas
1352 759 1380 806 u.
1397 758 1420 806 s.

167 859 296 929 habebit
317 859 479 928 Caesarem
500 859 534 925 in
557 878 611 925 suo
633 875 736 944 regno.
1084 931 1088 945 .

257 977 339 1044 Item
360 975 543 1043 Nazatistas
566 975 699 1042 erastirm
721 973 771 1042 <lie
793 974 933 1041 attutabo
956 973 985 1040 si
998 969 1107 1042 ‘levare
1130 992 1255 1058 possum
1278 971 1332 1040 sed
1352 970 1419 1038 Na·

167 1094 259 1160 aedos
274 1094 312 1162 ‹le
328 1092 487 1161 Solanonia
502 1094 534 1161 et
549 1089 669 1178 Saijlras
684 1110 737 1178 per
753 1090 782 1159 d.
793 1090 1035 1178 strigoniensem
1050 1089 1227 1177 preparatos
1242 1088 1422 1157 festinanter

167 1229 217 1278 me
240 1211 386 1278 remittat

258 1329 338 1395 Item
361 1326 584 1412 gratiosissime
616 1327 756 1411 princeps
784 1326 907 1412 indigeo
936 1326 1113 1412 pulveribus
1136 1327 1168 1393 et
1196 1325 1322 1411 plumbo
1350 1323 1423 1409 quia

168 1446 287 1512 eertum
310 1446 358 1512 est
380 1443 490 1511 Caesar
512 1442 605 1509 iussit
626 1461 734 1527 parare
756 1444 788 1510 et
809 1445 929 1528 portare
952 1463 1056 1511 seeum
1078 1442 1252 1511 oementum
1273 1442 1309 1508 ut
1331 1440 1421 1508 reha-

168 1561 236 1627 bita
258 1562 291 1627 P.
314 1559 505 1627 Varadinum
533 1558 616 1626 illiso
641 1559 792 1640 fortificat,
821 1578 944 1627 neeesse
966 1560 1026 1627 erit
1047 1561 1082 1626 ut
1105 1560 1189 1626 solus
1210 1559 1244 1625 in
1265 1557 1321 1624 illo
1350 1577 1420 1642 per-

168 1695 310 1744 maneam
334 1696 374 1743 m.
390 1696 418 1743 v.
434 1697 458 1744 s.
473 1676 580 1744 mittat
594 1677 787 1761 capitaneum
801 1696 892 1763 quem
907 1676 1058 1745 missurus
1074 1679 1122 1744 est
1143 1676 1215 1762 quia
1228 1677 1350 1760 tempus
1366 1674 1422 1741 est.

258 1794 338 1860 Item
347 1793 602 1861 excellentissime
610 1793 749 1878 prinoeps
759 1794 987 1879 absotempore
996 1815 1036 1861 m.
1043 1814 1071 1860 u.
1081 1794 1213 1862 Paulum
1221 1793 1329 1878 Rakijt
1336 1791 1422 1859 nullo

169 1907 198 1977 d.
206 1909 338 1994 providit
345 1911 382 1976 ut
390 1909 506 1995 equites
516 1910 582 1993 ipse
591 1910 793 1994 exploratores
802 1930 863 1978 non
871 1911 984 1996 poterit
991 1911 1090 1979 faeere
1099 1910 1160 1977 nisi
1168 1908 1299 1995 propriis
1309 1928 1421 1995 erpen-

170 2026 214 2093 sis
223 2027 295 2112 quia
311 2027 339 2093 si
346 2026 497 2093 Dominus
512 2027 585 2092 baro
594 2044 656 2094 non
670 2027 853 2111 providisset
860 2027 962 2095 neseio
974 2027 1103 2112 qualiter
1118 2027 1265 2094 haetenus
1276 2025 1423 2093 stetisset.

260 2144 340 2210 Item
362 2162 403 2210 m.
419 2162 446 2210 r.
463 2163 486 2209 s.
502 2142 684 2228 respondeat
704 2142 742 2209 D.
758 2142 865 2230 ltalijl
887 2143 926 2212 ad
947 2142 1045 2229 petita
1067 2143 1139 2228 qnia
1153 2143 1245 2211 homo
1268 2143 1316 2209 est
1337 2141 1421 2208 mul·

168 2261 238 2326 tum
260 2259 436 2343 desperatus
459 2279 494 2326 en
509 2277 568 2344 quo
590 2260 710 2326 nullum
725 2261 905 2346 apparatum
920 2259 1005 2328 ridet
1026 2280 1067 2328 m.
1082 2280 1110 2327 r.
1126 2260 1231 2328 eontra
1245 2257 1422 2326 Gaesarem:

169 2375 247 2442 dieis
269 2375 351 2443 enim
373 2375 453 2460 quod
467 2375 680 2443 tantummodo
701 2377 749 2444 tot
770 2376 911 2444 homines
927 2376 1010 2444 ridet
1025 2379 1099 2462 quot
1121 2377 1193 2443 sunt
1215 2375 1354 2460 deputati
1368 2393 1423 2459 pro

170 2491 310 2559 oamellis
337 2490 475 2559 Caesaris
504 2493 624 2578 quando
647 2494 706 2560 ibit
735 2494 775 2560 ad
797 2493 893 2562 talem
915 2493 1139 2580 expeditionem
1167 2492 1262 2559 etiam
1293 2490 1425 2558 libenter

171 2607 303 2686 rideret3
326 2607 392 2694 ipso
414 2609 497 2676 enim
520 2607 698 2696 dicitquod
721 2628 806 2679 seous
829 2630 891 2678 non
913 2610 972 2679 erit
987 2610 1048 2678 nisi
1063 2608 1173 2678 Caesar
1195 2607 1304 2675 veniet.
1338 2605 1380 2673 Μ.
1395 2625 1423 2673 ι.

172 2743 258 2792 saera
280 2725 365 2792 ouret
378 2726 413 2792 ut
428 2725 634 2810 inexpetitam
657 2746 689 2795 se
704 2745 766 2795 non
781 2727 920 2813 reperiat,
944 2727 1006 2794 seio
1021 2725 1102 2812 qnod
1115 2725 1208 2793 multi
1223 2723 1329 2792 dieunt
1344 2722 1424 2808 quod

171 2842 219 2909 est
240 2841 324 2908 fama
353 2842 541 2910 monachalis
571 2863 629 2927 qne
653 2843 761 2924 scribo,
791 2844 844 2910 set
866 2863 923 2930 ego
945 2863 1016 2913 uere
1038 2842 1137 2911 soribo
1166 2862 1224 2928 que
1247 2841 1286 2908 ab
1315 2837 1424 2905 amieis

170 2956 261 3024 audio
282 2959 314 3024 et
335 2957 369 3024 in
392 2957 514 3044 seriptis
537 2958 632 3040 rideo,
655 2960 777 3044 tempus
800 2961 848 3028 est
870 2961 898 3027 si
920 2981 961 3029 na
985 2981 1013 3028 u.
1037 2979 1070 3029 se
1091 2958 1256 3046 precinget
1306 2955 1422 3023 Altus

171 3072 296 3141 tandem
318 3076 482 3143 oonserret.

649 3191 715 3280 (ιο.
738 3192 817 3260 uua
841 3193 950 3281 neae).

174 3367 180 3377 .
261 3309 290 3375 2.
314 3358 321 3374 .
345 3359 352 3373 .
376 3359 383 3373 .
407 3306 573 3393 Nunquam
595 3327 649 3393 pro
672 3311 753 3376 oerto
775 3309 810 3375 in
831 3311 954 3376 tantum
975 3311 1068 3377 verba
1090 3327 1160 3377 mea
1182 3308 1262 3395 apud
1284 3328 1312 3376 s.
1335 3327 1358 3374 s.
1381 3325 1423 3374 m.
1543 3386 1548 3396 1

169 3420 361 3490 incredibilia
379 3422 473 3490 fuisse
496 3443 566 3491 sum
588 3424 754 3491 arbitratus
779 3425 870 3492 siouti
884 3445 965 3492 nuno
980 3422 1019 3492 ab
1041 3425 1165 3493 homine
1187 3445 1215 3492 u.
1230 3445 1272 3491 m.
1287 3426 1325 3492 V.
1342 3444 1366 3490 s.
1381 3443 1423 3490 m.

92 3629 94 3634 Ι
170 3559 224 3623 per
244 3539 358 3606 banum
383 3559 471 3606 suum
494 3539 532 3608 de
554 3540 668 3626 Jayeaa
693 3541 789 3609 fauisse
817 3541 997 3608 intimatum
1024 3539 1184 3608 Caesarem
1206 3541 1373 3608 umorum
1396 3539 1425 3606 si

169 3654 202 3721 id
219 3655 346 3723 honeste
361 3655 428 3722 lieri
449 3656 552 3740 posset
567 3675 674 3742 oupere
689 3657 815 3736 reuerti;
837 3657 1019 3743 aprinoipio
1042 3657 1073 3725 et
1095 3676 1153 3743 ego
1176 3676 1346 3724 unsvers
1365 3676 1423 3741 que

169 3772 343 3857 intelligere
357 3771 444 3856 potui
459 3772 645 3857 significant
662 3774 813 3842 nonenim
828 3774 942 3842 oblitus
958 3793 1042 3842 eram
1058 3774 1271 3859 aliquaniom.
1281 3794 1309 3840 u.
1319 3791 1422 3840 meum

169 3905 273 3974 graum
297 3886 381 3954 tuum
404 3887 499 3956 fuisse
522 3909 592 3956 enm
614 3909 673 3975 quo
696 3910 852 3976 nunquam
868 3890 961 3958 iooari
983 3910 1076 3958 ausus
1092 3910 1162 3959 snm
1184 3910 1240 3959 neo
1261 3890 1353 3971 solui,
1369 3891 1422 3957 sed

169 4024 205 4072 ea
228 4023 346 4088 semper
368 4023 426 4088 que
449 4005 488 4071 ad
510 4005 597 4090 regni
620 4005 756 4073 eiusdem
778 4006 985 4075 defensionem
1007 4009 1160 4095 peroipere
1183 4007 1269 4094 potui
1289 4005 1422 4074 fideliter

171 4119 336 4187 madias
359 4123 463 4187 nostes
486 4120 630 4189 intimare
646 4121 765 4200 stridui3
787 4125 892 4190 mmen
914 4125 971 4191 hoo
992 4127 1127 4209 tempore
1150 4123 1318 4209 pernicioso
1336 4143 1377 4189 m.
1394 4143 1421 4189 v.

170 4237 201 4301 et
224 4254 274 4302 me
289 4234 410 4319 penitus
433 4236 529 4303 oblita
544 4237 655 4304 talium
678 4238 792 4305 forsam
816 4240 942 4306 oonsilio
966 4240 1017 4326 qui
1034 4239 1194 4308 Gaesarem
1217 4240 1327 4307 reverti
1341 4238 1421 4306 solie

169 4351 200 4417 et
223 4351 336 4416 Zauam
358 4351 555 4420 transfretare
583 4373 645 4421 non
667 4353 776 4422 audere
799 4355 947 4438 dixerunt,
970 4355 1157 4440 adplenum
1180 4355 1328 4433 deseruit3
1351 4375 1420 4421 oum

170 4468 275 4536 amen
289 4467 401 4535 nudius
423 4468 534 4536 tertius
548 4489 637 4537 uerus
653 4471 822 4555 explorator
836 4471 929 4538 rediit
943 4472 996 4556 qui
1011 4471 1172 4540 Caesarem
1193 4472 1227 4538 in
1250 4471 1328 4539 festo
1343 4472 1420 4539 risi·

168 4583 293 4650 tationis
315 4581 413 4650 Maria
434 4584 547 4652 Albam
575 4584 708 4654 intrasse
736 4587 842 4654 rotulit
864 4588 896 4653 et
917 4587 966 4655 ‹lie
995 4588 1141 4656 hodierna
1171 4587 1261 4655 sieuti
1291 4588 1419 4655 antehae
