3366 5084
787 307 986 370 ..2-

260 518 361 594 spem,
391 497 499 564 deinde
528 517 598 564 vero
629 497 663 566 in
692 499 850 564 carissimo
879 498 950 564 ‘filio
986 501 1089 564 nostro
1120 499 1250 565 Henrico
1279 500 1410 585 Angliae
1439 520 1510 586 rege

258 613 373 680 illustri
402 615 553 698 ponimus.
599 615 643 679 Tu
668 616 702 679 ut
731 635 823 698 quam
853 614 889 680 de
912 616 942 678 te
972 634 1143 681 commoves
1173 617 1411 699 expectationem
1441 635 1509 682 eam

258 731 379 814 expleas
406 730 506 796 studio
536 732 568 795 et
590 731 759 814 diligentia,
787 731 954 813 literisque,
985 731 1241 814 quemadmodum
1271 733 1393 815 quidem
1422 732 1507 811 faeie,

257 847 289 911 et
311 844 395 911 omni
410 846 550 929 egregiae
565 846 674 910 virtuti
695 847 854 912 incumbas
878 849 908 911 11
927 865 1110 930 magnopere
1132 847 1165 912 in
1181 847 1313 916 Domino
1334 847 1505 913 hortamur:

256 961 356 1026 llmnt
370 961 453 1026 enim
467 960 527 1026 tibi
548 961 579 1026 et
593 961 632 1025 ab
647 962 762 1046 inclyto
784 981 855 1045 rege
877 963 938 1041 tuo,
961 961 992 1026 et
1014 963 1145 1042 anobis,
1168 963 1199 1027 et
1213 962 1366 1046 imprimis
1388 963 1508 1046 abipso

257 1076 321 1144 Deo
336 1075 592 1164 paratapremia„
604 1076 720 1142 Datum
729 1077 845 1142 Romae
859 1076 971 1142 ultima
985 1075 1007 1142 J
1007 1076 1133 1142 anuarii.
1149 1077 1278 1144 dmxxiv.
1302 1077 1390 1143 Anno
1400 1078 1506 1162 primo.

870 1295 900 1358 2.

679 1431 860 1504 Episcopo
883 1432 1083 1490 Aversan0.

343 1566 536 1633 Venerabilis
559 1565 652 1631 frater
674 1567 730 1631 ete.
776 1565 852 1632 Cum
867 1585 921 1649 pro
944 1568 1048 1631 nostra
1063 1567 1273 1632 benevolentia
1288 1586 1361 1650 erga
1376 1566 1503 1631 dilectos

255 1683 336 1748 lilios
358 1682 492 1749 nobilem
515 1683 616 1747 virum
645 1679 788 1746 Carolum
810 1681 848 1746 de
869 1681 901 1745 la
923 1680 989 1765 Nep
1019 1681 1187 1764 viceregem
1218 1683 1249 1746 et
1271 1682 1406 1748 nobilem
1435 1701 1504 1746 mu-

254 1799 362 1864 lierem
424 1798 496 1882 (sie)
567 1797 771 1880 vicereginam
793 1796 827 1860 in
843 1794 965 1861 Siciliae
987 1814 1080 1879 regno
1095 1796 1172 1860 citra
1192 1797 1323 1880 pharum
1345 1796 1424 1861 nihil
1446 1815 1507 1861 non

255 1898 413 1997 utriusque
443 1932 547 1978 eorum
577 1931 668 1976 causa
696 1911 864 1995 cupiamus,
894 1913 984 1994 atque
1013 1911 1077 1976 illis
1106 1930 1202 1994 nuper
1223 1912 1306 1977 Deus
1336 1913 1505 1996 gratiarum

251 2029 380 2114 largitor
401 2027 502 2094 lilium
531 2047 584 2110 spe
612 2027 811 2110 perpetuandi
832 2026 953 2109 generis
982 2027 1177 2104 concesserit,
1207 2025 1272 2092 Nos
1302 2027 1408 2092 eodem
1438 2026 1502 2091 filio

253 2163 376 2212 111111
398 2141 595 2227 baptismatis
624 2143 707 2207 fonte
735 2139 862 2206 levando
889 2141 1152 2224 compaternitatis
1181 2142 1336 2207 vinculum
1362 2161 1433 2207 cum
1456 2142 1501 2206 eis

253 2260 429 2326 contrahere
451 2258 581 2324 libenter
596 2258 772 2336 annuentes,
794 2256 993 2322 Fratemitati
1015 2259 1085 2323 tuae
1101 2257 1137 2322 de
1152 2257 1238 2322 cuins
1259 2258 1372 2323 virtute
1386 2258 1419 2323 et
1432 2275 1505 2340 erga

252 2394 308 2442 uos
330 2373 390 2439 lide
412 2373 600 2457 exploratum
622 2372 779 2450 habemus,
808 2371 1031 2437 committimus
1054 2373 1085 2437 11
1107 2371 1298 2454 mandamus,
1326 2375 1361 2438 ut
1383 2373 1502 2456 quando

251 2491 340 2557 uobis
361 2489 433 2554 huie
454 2488 553 2554 officio
575 2488 680 2554 adesse
702 2487 912 2572 praesentibus
935 2505 996 2552 non
1017 2487 1097 2564 licet,
1120 2489 1153 2552 tu
1176 2488 1258 2553 vices
1280 2489 1314 2553 in
1336 2489 1393 2553 hac
1414 2489 1502 2573 parte
1542 2521 1545 2524 ·

252 2607 373 2672 nostras
393 2604 546 2688 perferens
574 2603 649 2668 illuc
670 2604 701 2668 te
730 2603 874 2683 conferas,
903 2621 939 2668 ac
961 2602 1042 2668 dicta
1064 2603 1235 2688 viceregina
1257 2604 1361 2670 nostro
1383 2605 1505 2670 nomine

250 2721 285 2787 in
306 2720 428 2787 domino
452 2721 584 2786 salutata
607 2720 638 2784 et
658 2720 747 2803 plene
769 2719 874 2784 edocta
904 2736 961 2802 quo
985 2737 1087 2784 amore
1109 2721 1140 2784 et
1163 2719 1359 2803 studioerge
1382 2739 1450 2784 eam
1473 2721 1504 2784 et

251 2837 422 2920 viceregem
450 2836 515 2901 eius
545 2835 705 2918 coniugem
735 2835 840 2914 simne,
870 2835 925 2899 nbi
953 2835 1030 2918 ipsis
1059 2836 1242 2918 oportunum
1267 2835 1368 2913 fixerit,
1398 2834 1503 2900 devote

250 2971 286 3018 ac
307 2953 477 3019 reverenter
490 2951 679 3034 praedictum
701 2949 801 3015 filium
823 2949 862 3013 ad
881 2968 1001 3014 sacmm
1017 2951 1137 3015 celestis
1161 2951 1397 3034 regenerationis
1412 2951 1498 3016 lava-

250 3087 336 3134 crum
358 3067 495 3133 oblatum
510 3067 653 3131 manibus
668 3065 731 3130 tuis
754 3064 914 3145 sustentes,
937 3065 1086 3148 verbaque
1105 3065 1160 3130 illa
1176 3067 1282 3131 sancta
1305 3067 1336 3131 et
1351 3065 1500 3132 solemnia

249 3183 392 3268 proferes,
416 3181 577 3264 omniaque
598 3181 644 3245 ita
666 3199 755 3264 geras
777 3181 813 3245 ut
835 3181 866 3244 et
889 3178 1053 3245 dexteritas
1076 3181 1130 3246 tua
1152 3183 1183 3245 et
1206 3181 1368 3264 diligentia
1390 3181 1499 3247 merito

250 3318 269 3364 a
291 3298 379 3365 nobis
402 3296 511 3362 debeat
533 3295 747 3362 commendari
793 3293 910 3375 Quibus
932 3295 991 3360 rite
1006 3315 1060 3378 per
1081 3297 1112 3361 te
1134 3298 1238 3362 nostro
1261 3297 1382 3362 nomine
1405 3296 1501 3380 gestis

248 3413 509 3498 compaternitatis
538 3432 594 3477 nos
616 3431 686 3477 cum
708 3411 753 3477 eis
776 3411 896 3477 vinculo
918 3411 1093 3476 coniunctos
1117 3411 1178 3477 fore
1202 3412 1265 3476 iam
1288 3410 1494 3477 1111111111-

247 3529 359 3594 uimus.
404 3528 520 3593 Datum
541 3528 573 3593 ii.
597 3527 754 3593 Februarii
776 3527 907 3592 mdxxiv.
952 3527 1041 3592 Anno
1064 3527 1171 3610 primo.

862 3745 891 3808 3.

498 3881 582 3939 vice
606 3881 751 3953 reginae
774 3879 911 3940 siciliae
934 3884 1024 3940 citra
1046 3872 1247 3960 pharum.¹)

335 4017 456 4084 Dilecta
477 4017 511 4083 in
534 4013 655 4081 Christo
678 4015 820 4082 11111111.
866 4017 952 4082 Licet
981 4017 1018 4082 de
1041 4018 1110 4082 tuae
1141 4016 1313 4083 nobilitatis
1343 4035 1445 4083 amore
1467 4020 1499 4082 et

246 4132 346 4199 studio
368 4152 442 4218 erga
462 4149 518 4198 uos
540 4150 697 4216 nunquam
720 4131 969 4210 dubitaverimus,
992 4132 1152 4216 potiusque
1182 4133 1272 4216 plane
1301 4132 1498 4198 habuerimus

245 4249 402 4334 cognitum
424 4249 511 4314 tuam
534 4266 653 4331 semper
674 4245 769 4311 luisse
792 4265 973 4331 propensam
1000 4247 1034 4311 in
1056 4265 1111 4312 nos
1134 4247 1166 4312 11
1188 4247 1361 4314 benivolam
1385 4246 1494 4312 volun-

337 4445 359 4509 2)
378 4447 501 4495 Francisce
518 4447 618 4494 llouvbel
636 4459 693 4493 uxor
710 4445 786 4494 Caroli
805 4445 882 4502 banoy
902 4447 1012 4502 1111111111
1031 4446 1140 4506 Neapolis
1159 4459 1200 4505 pro
1219 4445 1299 4492 Cerolo
1320 4447 1345 4492 V.
