3346 5084
753 313 997 381 ..450...

246 528 296 577 me
325 509 442 576 notario
471 507 592 594 publico
621 509 815 594 infrascripto
838 527 974 578 camerae
1003 511 1186 596 apostolicae
1214 531 1310 578 unum
1333 511 1382 580 vel
1410 512 1503 598 plura

245 626 402 710 publicum
425 645 478 692 seu
501 625 623 710 publica
644 625 711 692 ficri
725 627 817 710 atque
839 627 945 692 confici
967 628 1058 712 petiit
1071 628 1312 694 instrumentum
1335 629 1366 694 et
1379 629 1500 695 iusbu·

245 743 357 808 menta.
402 743 480 807 Acta
501 741 625 808 fuerunt
646 743 721 808 baec
743 743 858 808 Romae
881 742 914 808 in
936 743 1051 827 palatio
1075 743 1240 827 apostolico
1264 745 1321 810 sub
1344 763 1423 810 anno
1445 744 1499 810 in·

245 857 376 923 dictione
399 876 504 923 mense
525 857 557 922 et
578 857 757 940 pontificatu
780 859 890 942 quibus
914 877 1013 943 supra,
1035 859 1226 943 presentibus
1248 859 1364 926 ibidem
1387 876 1448 926 rau
1462 859 1499 925 in

245 971 367 1038 Christo
381 974 476 1056 patre,
499 971 622 1038 domino
636 972 810 1057 Augustino
826 971 951 1057 Spinola
966 973 1119 1040 cardinale
1134 975 1281 1042 Pemsino
1297 976 1418 1041 sanctae
1433 975 1497 1040 Ito-

246 1106 354 1153 manae
369 1087 513 1154 ecclesiae
522 1089 695 1168 camerario,
711 1089 742 1154 et
756 1109 779 1154 r.
790 1088 924 1173 predicto
940 1089 1063 1155 domino
1072 1091 1190 1156 Thomu
1205 1090 1242 1155 de
1252 1091 1344 1156 Prato
1359 1090 1498 1175 episcopo

246 1201 420 1269 Cariatense
441 1201 540 1286 ipsius
563 1222 585 1272 s.
602 1202 719 1270 domini
741 1203 838 1268 nostri
860 1223 954 1288 papae
977 1204 1094 1278 datario
1117 1224 1172 1271 neo
1194 1224 1255 1272 non
1276 1205 1409 1271 dominis
1431 1206 1495 1270 Ro-

246 1320 331 1385 bcrto
353 1318 390 1384 do
413 1319 533 1384 Pucciis
555 1320 587 1385 et
609 1318 769 1384 Francisco
792 1318 828 1384 do
854 1319 1017 1385 Valoribus
1040 1319 1127 1386 laicis
1151 1321 1338 1387 Florentinis
1366 1321 1497 1387 testibus

246 1434 285 1500 ad
307 1434 457 1519 premissa
478 1435 594 1500 uocatis
618 1433 789 1518 specialiter
812 1435 901 1518 atquo
925 1435 1049 1520 rogatis.

335 1551 376 1615 Et
389 1568 445 1634 ego
464 1550 598 1616 Veritius
614 1547 729 1633 Spatba
752 1549 787 1614 de
804 1547 889 1615 Oasis
912 1550 1038 1616 clericus
1055 1549 1235 1635 Spoletanae
1250 1551 1379 1617 diocesis
1394 1568 1496 1616 came·

246 1685 296 1732 rae
318 1664 501 1749 apostolicae
524 1664 669 1744 notarius,
693 1663 764 1748 quia
785 1665 945 1748 promissis
968 1667 1111 1732 omnibus
1134 1667 1165 1732 et
1188 1666 1318 1751 singulis
1341 1685 1402 1732 una
1427 1685 1496 1732 eum

245 1780 484 1866 praenominatis
506 1780 638 1846 testibus
660 1779 793 1860 interlui
821 1780 887 1846 ideo
909 1782 967 1847 boc
989 1800 1113 1866 presens
1136 1781 1374 1848 instrumentum
1398 1782 1495 1848 aliena

245 1916 339 1963 mauu
362 1896 511 1980 scriptum
532 1915 602 1960 mea
625 1895 792 1979 subscripsi
815 1898 850 1961 ut
871 1896 1032 1980 publicavi,
1056 1898 1180 1982 signum
1203 1916 1372 1982 nomenque
1394 1917 1494 1963 meum

246 2013 425 2078 consuetum
448 2029 601 2095 apponens
624 2011 658 2076 in
679 2011 773 2077 fidem
794 2013 920 2095 rogatus
943 2013 998 2080 eto.

335 2127 363 2191 Α
387 2124 515 2209 Spinula
537 2126 624 2191 tituli
646 2127 745 2192 sancti
768 2125 885 2212 Ciryard
909 2126 941 2192 in
963 2129 1091 2195 Termis.

335 2243 406 2308 Pbr.
429 2241 593 2308 cardinalis
616 2242 782 2308 Perusinus
806 2263 828 2309 s.
845 2243 881 2308 R.
898 2263 922 2309 e.
946 2245 977 2308 et
993 2263 1016 2310 s.
1032 2244 1060 2310 d.
1075 2265 1105 2311 n.
1128 2263 1224 2328 papae
1240 2244 1425 2312 camerarius
1440 2247 1494 2310 eto.
1626 2287 1627 2342 3

335 2402 495 2469 Universis
518 2404 550 2468 et
573 2402 704 2486 singulis
727 2406 883 2487 presentes
906 2405 1089 2488 inspecturis
1111 2404 1148 2470 de
1171 2405 1316 2470 mandato
1340 2425 1363 2471 s.
1380 2404 1496 2472 domini
1626 2415 1627 2418 ’

246 2518 343 2585 nostri
365 2516 531 2584 Clementis
560 2518 665 2584 divina
687 2518 877 2602 providentia
899 2538 994 2603 papae
1017 2519 1141 2603 septimi
1163 2520 1249 2586 virae
1272 2521 1354 2586 vocis
1378 2520 1496 2586 oraculo

245 2635 413 2718 superbos
435 2634 524 2699 nobis
546 2633 636 2713 iacto,
659 2636 690 2700 et
720 2634 900 2700 auctoritate
923 2634 1021 2700 nostri
1044 2635 1261 2702 camerariatus
1291 2633 1384 2701 officii
1405 2635 1495 2700 fidem

244 2750 374 2816 facimus
396 2751 428 2815 et
456 2751 638 2815 attestamur
667 2749 746 2833 quod
776 2749 967 2834 supradictus
997 2750 1138 2816 dominus
1161 2749 1298 2816 Veritius
1322 2749 1439 2834 Spatba
1460 2750 1497 2815 do

244 2864 329 2932 Oasis
359 2867 406 2930 ost
435 2864 574 2950 publicus
604 2866 635 2930 et
664 2883 800 2931 camerae
830 2865 1013 2949 apostolicae
1045 2865 1183 2932 nemrim
1212 2864 1336 2950 eiusque
1364 2865 1496 2950 publicis
1626 2893 1627 2926 r

245 2980 368 3064 seriptis
389 2980 516 3046 indubia
530 2979 605 3046 fides
629 2980 793 3046 adhibetur
816 2982 849 3046 in
873 2999 1000 3064 quorum
1023 2979 1115 3046 fidem
1130 2981 1285 3064 presentes
1308 3001 1401 3047 manu
1424 2999 1495 3066 pro·

244 3096 311 3180 pria
326 3095 571 3180 subscripsimus,
595 3097 626 3160 et
641 3096 724 3162 soliti
741 3096 839 3161 nostri
861 3095 1078 3162 camerariatus
1093 3095 1186 3162 officii
1202 3095 1300 3180 sigilli
1314 3097 1496 3180 appensione

244 3213 358 3278 muniri
372 3212 508 3278 fecimus.
531 3211 646 3276 Datum
655 3212 770 3278 Romae
785 3212 818 3276 in
833 3230 952 3277 camora
967 3211 1134 3295 apostolica
1149 3211 1197 3276 dle
1206 3210 1225 3276 i
1234 3211 1369 3296 Augusti
1378 3211 1493 3277 mdxxx

938 3330 974 3394 Α.
997 3326 1161 3393 cardinalis
1184 3326 1368 3392 camerarius

963 3443 1175 3510 Bartolomeus
1190 3439 1341 3525 Capellus,

873 3575 1009 3623 camerae
1031 3558 1213 3642 apostolieae
1235 3557 1373 3624 notarius
1395 3561 1450 3626 ete.

333 3743 393 3825 Qui
414 3744 597 3831 magnificus
626 3744 768 3812 dominus
791 3743 957 3810 Baldassar
980 3744 1017 3810 de
1039 3745 1209 3812 Berturolis
1231 3746 1381 3834 patricius
1404 3745 1490 3812 Cese-
1626 3759 1627 3834 p

243 3863 360 3926 natans.
383 3857 519 3944 potestas
541 3861 722 3941 antedictus,
746 3862 777 3926 et
791 3861 824 3926 in
847 3859 981 3944 presenti
1000 3879 1091 3926 causa
1111 3861 1349 3941 commissarius,
1371 3863 1403 3928 et
1425 3879 1490 3928 ere·
1626 3847 1627 3910 ἶ

242 3978 328 4043 outor
351 3975 521 4043 antedictus
537 3976 654 4061 prelata
677 3975 812 4054 admisit,
836 3975 863 4040 si
886 3977 917 4040 et
938 3974 971 4041 in
987 3977 1144 4060 quantum,
1168 3979 1198 4042 et
1213 3977 1278 4044 viso
1302 3977 1384 4044 dicto
1404 3995 1490 4043 man·

242 4092 323 4171 dato,
346 4110 381 4158 ao
403 4091 502 4158 literis
524 4093 708 4176 patentibus,
731 4110 815 4176 quas,
845 4093 876 4156 et
898 4091 978 4175 quod
1000 4109 1036 4157 aa
1057 4093 1225 4159 reverentia
1247 4111 1307 4177 qua
1330 4093 1440 4173 decuit
1461 4095 1490 4158 et
1626 4085 1627 4172 j

240 4207 339 4291 capite
362 4209 466 4291 aperto
489 4227 525 4274 ac
546 4208 692 4274 inclinato
714 4207 828 4290 recepit
850 4209 882 4273 et
903 4207 980 4292 ipsis
1003 4208 1090 4274 lectis
1106 4209 1197 4293 atquo
1215 4209 1359 4293 perlectis
1381 4208 1490 4276 obtulit
1626 4211 1627 4220 ’

240 4343 273 4390 sc
296 4325 437 4407 paratum
459 4323 508 4388 ius
531 4325 562 4391 at
583 4324 736 4390 iustitiam
758 4323 857 4390 facere
879 4325 911 4389 et
933 4323 1148 4391 administrare
1170 4324 1255 4390 iuxta
1276 4327 1308 4392 et
1326 4325 1488 4392 secundum

240 4439 372 4506 formam
400 4440 537 4505 tenorem
567 4441 598 4506 ei
626 4439 845 4508 continendam
875 4439 975 4507 dictae
1005 4439 1238 4524 commissionis,
1268 4441 1299 4508 et
1322 4440 1488 4508 successise
1626 4513 1627 4518 ,
