3366 5084
693 341 916 406 ...69-

179 541 211 606 11
233 535 272 605 11
285 539 318 606 te
333 537 505 605 sinisterius
528 538 638 617 delato,
661 537 714 624 qui
728 536 942 604 necessitatem
957 532 1078 601 consilii
1099 533 1198 600 nostri
1212 548 1274 599 non
1288 526 1429 598 animad-

179 655 338 722 vertebant
359 655 390 720 et
411 654 513 720 maius
535 652 653 738 ahquid
675 653 799 720 subesse
822 651 1055 736 suspicabantur
1078 651 1131 716 aut
1147 649 1226 732 quod
1248 665 1429 714 1111111111-

178 771 303 855 piditati
323 789 384 837 non
400 770 608 837 consentiebat
622 769 656 835 in
679 767 880 854 suspitionem
901 775 1011 852 ponere
1025 765 1233 844 intendebant
1256 763 1309 849 qui
1326 765 1431 830 tamen

179 889 283 972 postea
306 885 443 952 ridentes
465 903 521 951 nos
536 884 712 950 immobiles
726 885 760 950 in
780 883 911 968 pristina
926 881 1133 950 neutralitatis
1157 879 1317 960 sententia,
1336 896 1431 964 quam

179 1003 273 1068 etiam
297 999 456 1068 serenitati
478 1002 548 1067 tuae
564 1019 659 1084 usque
681 1001 720 1066 ab
743 999 832 1066 initio
847 999 1009 1085 probatam
1023 997 1239 1077 intelleximus,
1262 996 1293 1062 et
1306 995 1341 1062 in
1357 993 1432 1062 boni

178 1119 309 1203 pastoris
332 1117 431 1183 officio
447 1135 513 1183 1111
528 1116 612 1197 fixos,
635 1115 761 1182 tandem
777 1117 804 1182 si
819 1115 908 1200 aequi
922 1133 989 1182 esse
1004 1114 1118 1194 volunt,
1134 1131 1297 1200 agnoscere
1319 1110 1431 1178 debent

178 1252 233 1300 nos
256 1233 287 1300 vi
310 1235 481 1317 temporum
504 1251 565 1298 non
588 1231 743 1297 voluntate
765 1231 799 1298 id
821 1231 901 1315 quod
922 1230 1051 1297 lecimus
1074 1229 1217 1296 effecisse.
1247 1225 1313 1308 Quo
1335 1224 1430 1293 etiam

178 1350 313 1435 tempore
337 1352 427 1414 11111·
448 1349 519 1413 tuae
532 1348 654 1414 litterae
669 1346 766 1414 serius
789 1347 828 1416 ad
843 1366 899 1413 nos
921 1347 1034 1412 allatae
1057 1347 1130 1411 sunt
1152 1344 1262 1432 quibus
1277 1361 1333 1410 nos
1355 1342 1428 1409 hor·

179 1465 256 1532 turis
279 1467 316 1531 ut
337 1466 371 1531 in
393 1465 449 1530 hoo
465 1461 625 1532 Gallorum
641 1465 773 1532 adventu
794 1462 928 1530 nolimus
951 1462 1105 1530 communi
1124 1461 1219 1527 saluti
1240 1461 1272 1528 et
1293 1458 1432 1558 libertati

179 1582 287 1649 ltaliae
311 1583 424 1660 deesse,
454 1583 542 1666 teque
570 1581 646 1647 item
675 1581 828 1646 1111111111
850 1578 1002 1665 polliceris
1031 1576 1225 1663 remittisquo
1254 1595 1310 1645 nos
1333 1575 1373 1642 ad
1394 1593 1430 1640 es

179 1717 255 1781 quae
277 1697 325 1763 1111
346 1698 480 1764 oratores
509 1696 598 1763 nobis
620 1697 721 1763 verbis
744 1696 807 1761 tuis
830 1695 995 1780 exposituri
1016 1695 1126 1760 esseut
1172 1690 1232 1773 Qui
1254 1692 1344 1758 rebus
1366 1669 1430 1757 iarn

178 1813 211 1878 on
232 1813 290 1878 uos
313 1813 397 1878 secu
419 1811 605 1891 11111111,
634 1812 790 1896 perunte
812 1811 901 1878 noos
931 1815 983 1878 tuo
1007 1809 1130 1877 nomine
1158 1809 1193 1875 rn
1216 1785 1338 1894 eropus
1361 1804 1428 1872 eu-

178 1929 302 1994 1111111
325 1947 379 2012 per
400 1947 477 2012 quoe
499 1928 745 1995 commemoratis
759 1928 871 1994 multis
891 1929 922 1994 et
936 1927 1059 2012 magnis
1075 1925 1249 1994 serenitatis
1271 1925 1342 1991 tuae
1356 1941 1430 2010 erga

178 2063 233 2110 nos
256 2044 388 2110 1111111
411 2041 440 2110 S.
457 2041 567 2110 Sedem
589 2063 840 2129 communemque
855 2044 1031 2110 libertatem
1052 2042 1161 2110 Italiae
1183 2040 1293 2108 officiis
1308 2059 1326 2106 a
1341 2039 1430 2108 nobis

177 2159 331 2244 petierunt
354 2179 476 2226 manere
490 2160 524 2225 in
538 2159 670 2244 pristina
685 2160 837 2227 sententia
853 2159 1113 2244 suscipiendarum
1135 2158 1270 2243 partium
1285 2155 1430 2244 adversus

178 2273 284 2342 Gallos
307 2276 339 2341 et
353 2274 434 2342 idem
457 2294 546 2360 agere
568 2275 602 2341 in
615 2275 795 2359 pontificatu
818 2277 897 2361 quod
918 2276 951 2342 in
973 2275 1142 2342 minoribus
1164 2293 1225 2341 non
1241 2273 1340 2340 solum
1362 2269 1430 2356 egi·

179 2411 247 2458 mus
272 2391 325 2457 sed
340 2391 439 2458 felicis
461 2390 556 2458 etiam
574 2392 790 2460 recordationis
812 2391 947 2459 Adriano
969 2392 1107 2477 pontifici
1128 2393 1164 2458 ut
1178 2392 1283 2476 ageret
1303 2407 1430 2476 persua-

178 2507 284 2586 simus,
308 2526 378 2572 cum
399 2506 524 2574 honoris
546 2509 718 2594 graquue
733 2510 863 2576 mutatio
886 2510 967 2594 apud
980 2510 1111 2595 probum
1133 2509 1233 2574 virum
1255 2507 1356 2574 rulers
1370 2524 1432 2573 non

180 2621 289 2688 debeat
319 2623 358 2687 ad
386 2623 589 2690 mutationem
618 2624 785 2692 voluntatis
815 2643 851 2690 ac
874 2625 1058 2693 sententiae:
1087 2623 1168 2711 quod
1191 2625 1218 2690 si
1239 2625 1314 2690 tunc
1342 2623 1431 2690 nobis

179 2755 239 2804 non
261 2737 378 2822 placuit
391 2739 425 2804 in
439 2737 500 2804 alio
515 2740 657 2823 pontifice
672 2741 862 2820 neubalitas,
880 2761 976 2826 neque
998 2761 1066 2809 eam
1082 2742 1190 2808 debere
1211 2759 1293 2808 nunc
1313 2741 1432 2826 placere
1482 2783 1485 2788 Δ

178 2854 211 2917 in
232 2852 336 2919 nobist
359 2851 399 2919 ad
421 2855 589 2921 extremum
607 2856 634 2921 si
656 2875 743 2922 arma
760 2877 831 2924 oum
853 2857 918 2923 illis
940 2877 1002 2924 una
1016 2858 1161 2924 adversus
1177 2854 1284 2924 Gallos
1307 2874 1430 2941 capere-

179 2985 258 3046 mus,
281 2969 384 3034 omnia
405 2988 461 3035 nos
477 2989 495 3035 1
511 2971 685 3038 serenitatis
706 2974 778 3038 tuas
792 2971 978 3040 liberalitate
992 2976 1023 3040 et
1038 2974 1126 3040 nobis
1141 2974 1172 3039 et
1186 2972 1300 3040 nostris
1314 2973 1431 3057 premia

181 3085 215 3149 ut
238 3085 462 3168 expectaremus
487 3087 691 3168 ostenderunt,
720 3088 908 3174 pollicitique
932 3091 1011 3156 sunt
1056 3089 1115 3157 His
1144 3089 1343 3176 petitionibus
1362 3087 1432 3154 *etsi

178 3216 233 3265 nos
255 3219 373 3283 quoque
394 3201 445 3266 hio
467 3203 687 3285 respondimus,
717 3223 793 3288 quae
811 3225 968 3290 responsa
998 3206 1179 3272 adnostros
1211 3205 1284 3273 istic
1304 3203 1432 3272 nuncios

178 3315 321 3381 misimus
358 3335 444 3396 cum,
458 3323 540 3383 sor.tr
568 3320 622 3383 tua
651 3320 917 3402 communicanda,
947 3323 1052 3388 tamen
1083 3320 1216 3388 breviter
1244 3320 1351 3387 sudem
1365 3318 1430 3384 -bis

179 3428 293 3495 litteris
315 3431 467 3498 voluimus
483 3431 649 3518 attingere:
671 3434 806 3519 primum
821 3435 901 3521 quod
915 3437 955 3503 ad
970 3436 1288 3504 commemorationem
1305 3433 1432 3502 landum

179 3544 406 3630 officiorumque
428 3547 551 3614 tuorum
574 3549 693 3632 attinet,
723 3551 802 3617 111111
825 3554 873 3618 111
894 3553 983 3619 nobis
1007 3553 1113 3619 ruditu
1135 3551 1305 3635 iucundius,
1334 3571 1431 3636 neque

179 3659 341 3746 quisquam
363 3663 411 3728 est
433 3663 486 3748 qui
508 3665 580 3730 tuae
602 3669 693 3731 111.118
718 3667 848 3734 rutatos
871 3669 1049 3734 ornamenta
1071 3667 1182 3734 merita
1203 3669 1235 3734 11
1257 3667 1379 3754 saepius
1401 3668 1433 3734 et

180 3777 335 3842 amantius
358 3797 450 3862 quam
473 3798 529 3845 nos
552 3781 648 3848 soleat
664 3782 845 3866 praedicare.
875 3782 993 3850 Deinde
1014 3784 1094 3869 quod
1108 3785 1250 3852 neutram
1271 3803 1432 3871 personam

178 3893 265 3978 patri·
289 3895 444 3961 communi
473 3897 504 3962 et
533 3897 611 3963 bono
638 3897 776 3982 pontifici
805 3901 1034 3968 convenientem
1061 3902 1126 3968 ism
1147 3903 1187 3970 ab
1216 3901 1305 3968 initio
1327 3902 1430 3987 ponti-

179 4007 288 4076 lioatus
311 4013 541 4095 sumpserimus,
565 4015 603 4080 ab
626 4015 779 4099 armisque
802 4016 1022 4084 decreverimus
1044 4019 1206 4098 abstinere,
1229 4017 1432 4086 (1111111111

178 4125 267 4191 nobis
290 4124 355 4191 Deo
377 4128 409 4193 11
431 4128 532 4194 debito
555 4132 587 4196 11
609 4129 700 4196 huius
724 4129 796 4198 ses
819 4131 906 4198 Sedis
929 4134 1156 4221 ceterorumque
1184 4137 1359 4202 nostrorum
1380 4137 1431 4209 in·

179 4241 265 4326 opiae
287 4244 378 4325 atque
400 4245 561 4328 angustiis,
584 4247 615 4312 11
644 4246 724 4331 quod
746 4247 808 4314 nisi
829 4249 887 4314 tali
908 4269 1036 4334 persona
1065 4255 1206 4337 suscepta
1227 4271 1290 4320 non
1310 4257 1432 4340 potera·

180 4375 250 4422 mus
272 4357 311 4422 ad
339 4359 553 4427 baomtionem
583 4362 711 4428 alicuius
744 4364 919 4432 concordiae
950 4386 1005 4434 nos
1035 4368 1118 4454 ipsos
1146 4369 1351 4456 interponere,
1379 4390 1434 4456 per

179 4489 272 4557 quarn
303 4491 398 4542 unam
427 4475 619 4546 concordiam
647 4479 815 4568 propinquo
853 4483 945 4552 exitio
975 4487 1007 4553 et
1038 4503 1199 4572 supremae
1226 4487 1308 4556 cladi
1336 4487 1432 4558 totius
