3380 5088
741 323 985 391 ..230-

233 515 348 584 tionem
377 517 416 583 ob
445 516 591 585 mrtutem
623 518 875 604 nobilitatemque
905 519 987 600 eius,
1021 539 1076 586 nec
1105 520 1208 586 minus
1231 521 1269 586 ob
1299 520 1374 588 dicti
1404 521 1485 606 rogis

233 633 413 716 respectam,
442 635 639 719 nostramque
666 636 746 702 hanc
774 635 1070 704 commendationem
1099 637 1229 704 honesta
1257 637 1368 722 abque,
1399 639 1485 703 etse

234 745 329 833 digna
343 748 514 815 conditione
530 751 727 835 prosequeris.
750 752 867 818 Datum
882 752 998 820 &mac
1013 754 1068 819 etc.
1092 753 1151 823 Dio
1168 753 1218 820 rii
1228 753 1345 838 Aprilis
1355 752 1485 822 mdrxir.

235 863 325 931 Anno
346 863 454 949 primo.
1226 875 1228 880 ’

824 1133 897 1198 211.

525 1294 678 1357 Carolus
700 1298 741 1355 v.
763 1297 947 1359 Ludovieo
970 1299 1089 1372 Hung.
1112 1301 1197 1372 regi.

650 1405 737 1494 (litt
752 1409 847 1493 princ.
863 1409 903 1476 IL
919 1409 970 1476 foi
988 1407 1075 1495 195).

712 1523 756 1612 (9.
771 1525 888 1611 Aprilis
906 1525 1015 1613 1524).

202 1733 211 1760 ,
325 1681 451 1752 Carolus
473 1685 578 1752 divim
600 1687 721 1754 iacente
744 1688 922 1768 clementia,
952 1687 1066 1756 eiectus
1088 1689 1294 1756 Romanorum
1322 1691 1488 1776 imperator

236 1820 355 1888 sempor
369 1806 527 1888 augustos,
542 1823 578 1871 ac
588 1803 778 1885 Germaniae,
797 1805 1024 1890 Hispaniarum,
1040 1807 1198 1891 utriusque
1213 1805 1343 1886 Siciliae,
1358 1808 1487 1874 Hierlm.

236 1919 291 1984 otc.
314 1939 374 1999 rer,
398 1919 542 1986 archidux
564 1921 715 2001 Austriae,
738 1920 798 1987 dur
820 1921 1025 2006 Bmgundiao,
1047 1922 1232 1990 Brabantiae
1254 1925 1311 1992 otc.
1334 1926 1365 1990 et
1386 1942 1487 1991 comos

237 2035 423 2121 Habspnrgi,
446 2037 617 2117 biandriae,
646 2037 758 2103 Tirolis
781 2039 837 2104 etc.
861 2037 1058 2105 serenissimo
1080 2038 1212 2124 principi
1239 2039 1362 2106 domino
1385 2040 1486 2106 Ludo-

236 2149 301 2215 rico
330 2151 396 2237 regi
424 2152 601 2238 Hungariae
630 2155 662 2219 et
684 2154 867 2221 Bohoemiae
897 2173 932 2221 oc
958 2155 1047 2220 fratri
1076 2157 1107 2222 et
1136 2157 1249 2222 sororio
1279 2158 1383 2224 nostro
1411 2157 1486 2222 cba-

235 2262 358 2333 rissimo
375 2268 514 2348 salutem,
530 2271 561 2336 et
576 2270 703 2337 fraterni
719 2271 832 2336 amoris
847 2271 1025 2337 continuum
1043 2271 1273 2338 incrementum.
1289 2271 1489 2340 Serenissime

235 2381 376 2468 princepe
398 2383 493 2451 frater
514 2388 546 2452 et
568 2386 680 2452 sororio
703 2386 868 2454 carissime.
915 2385 985 2452 Nou
1016 2387 1082 2453 sino
1105 2387 1238 2454 marimo
1268 2388 1364 2455 animi
1386 2389 1488 2455 dolore

233 2498 381 2583 legimus,
410 2519 486 2585 quas
509 2501 549 2567 ad
570 2521 625 2569 nos
654 2501 743 2568 misit
770 2502 891 2569 litteras
921 2503 1069 2570 serenitas
1091 2505 1193 2570 rostra
1222 2523 1257 2571 er
1278 2504 1410 2570 Posonio
1438 2503 1488 2570 die

234 2617 342 2701 quarto
364 2615 529 2697 Februarii
559 2617 669 2703 quibus
692 2619 781 2685 nobis
804 2618 923 2686 abunde
953 2619 1139 2705 significarit
1160 2639 1219 2704 quo
1241 2620 1274 2686 iu
1303 2620 1486 2698 discrimine,

234 2749 296 2800 nou
319 2751 374 2798 sna
396 2733 526 2812 tantum,
551 2733 603 2800 sed
626 2735 765 2800 comunis
787 2735 883 2802 totius
906 2735 1090 2802 christianae
1105 2736 1288 2820 reipublicae
1311 2737 1394 2802 seins
1417 2755 1485 2802 ver-

236 2849 327 2929 nebu,
342 2851 380 2917 ob
396 2853 462 2916 mm
477 2868 606 2934 magnos
621 2851 786 2934 apparatus
796 2851 929 2931 bellicos,
945 2870 1021 2936 quos
1036 2851 1180 2935 profanus
1195 2853 1227 2917 et
1240 2852 1354 2936 impius
1370 2852 1484 2935 sempi-

234 2967 338 3031 ternus
353 2966 451 3032 nostri
466 2966 599 3034 nominis
614 2966 714 3032 hostis
727 2966 825 3032 facere
840 2966 960 3046 dicitrm
975 2967 1028 3051 qui
1037 2985 1097 3033 non
1112 2970 1271 3034 contentus
1281 2968 1486 3052 superioribus

233 3081 377 3161 uictoriis,
399 3083 462 3148 imo
484 3083 586 3167 mama
604 3082 755 3163 incensus,
779 3083 868 3165 atque
891 3083 1023 3167 quodam
1042 3083 1131 3149 modo
1146 3086 1212 3150 tam
1226 3103 1367 3168 prospero
1382 3102 1485 3149 rerurn

234 3215 375 3264 successu
397 3199 533 3277 allectus,
557 3199 652 3266 molto
674 3200 790 3264 maiora
811 3200 907 3282 parat,
938 3198 1039 3282 peiora
1061 3199 1095 3265 in
1117 3200 1175 3266 Dei
1197 3200 1342 3284 populum
1365 3199 1483 3265 machi·

233 3315 331 3380 natur.
377 3313 464 3381 (terte
488 3315 636 3400 quantum
658 3315 692 3380 in
714 3315 802 3382 nobis
825 3315 892 3394 fuit,
916 3314 994 3381 nihil
1010 3315 1214 3399 superioribus
1237 3316 1326 3382 annis
1344 3315 1485 3382 omisisse

232 3429 378 3510 ridemur,
401 3449 460 3515 quo
475 3431 573 3515 ipsius
589 3433 715 3498 conatus
730 3431 975 3516 infringeremus,
992 3431 1056 3498 iilis
1071 3431 1193 3497 obuiam
1207 3431 1330 3511 bomne,
1346 3430 1484 3498 dimissis

231 3545 272 3640 ad
284 3545 468 3631 reipublicae
483 3548 514 3613 et
528 3549 629 3614 vestre
644 3547 818 3613 serenitatis
832 3547 962 3614 tutelam
978 3547 1040 3614 hiis
1055 3547 1197 3614 omnibus
1212 3545 1372 3630 praesidiis
1393 3548 1484 3632 etque

231 3661 336 3747 copiis,
358 3681 433 3747 quas
448 3680 503 3747 pro
518 3663 709 3730 coronatione
731 3664 836 3730 nostra
858 3663 895 3729 de
910 3683 994 3731 mora
1010 3661 1175 3730 Germania
1197 3661 1287 3730 nobis
1302 3661 1482 3729 decreuerat.

232 3775 300 3859 Qui,
323 3778 383 3844 etsi
397 3778 514 3845 maiora
535 3780 689 3864 praestare
713 3779 928 3864 potuissemus,
949 3779 1061 3846 indicio
1077 3779 1172 3845 totius
1195 3778 1276 3844 orbis
1299 3797 1335 3846 ea
1356 3777 1481 3845 facisse·

231 3913 310 3975 mus,
334 3913 410 3980 quae
424 3894 487 3962 iarn
503 3895 588 3980 prius
603 3895 679 3962 beno
693 3895 935 3976 institueramus,
958 3915 1028 3962 oum
1050 3913 1111 3962 non
1126 3893 1263 3960 tutandis
1281 3895 1380 3961 solum
1399 3894 1481 3960 cbri-

232 4009 342 4077 stianis
365 4011 455 4078 rebus
478 4011 731 4092 incumberemus,
755 4010 808 4078 scd
830 4011 867 4078 de
887 4011 1052 4096 impiorum
1075 4009 1188 4077 finibus
1210 4009 1360 4094 paulatim
1375 4010 1481 4075 coher-

231 4126 341 4193 cendos
350 4127 570 4212 cogitabamus,
586 4127 742 4211 sirecepta
757 4147 792 4194 ar
807 4127 945 4211 ipsorum
959 4127 1102 4194 manibus
1112 4126 1358 4212 Iotophagorum
1367 4126 1481 4204 ipsulm

231 4243 259 4308 si
280 4243 328 4310 tot
349 4242 494 4310 istructae
516 4245 549 4309 in
572 4243 739 4328 Aphrionm
761 4243 886 4322 classes,
911 4246 1001 4328 atque
1024 4242 1172 4310 exercitus
1194 4241 1312 4326 aliquid
1333 4241 1482 4308 eiusmodi

231 4357 363 4443 sapiunt
409 4357 567 4426 Caeterum
583 4358 737 4426 nescimus
752 4377 810 4444 quo
826 4358 951 4426 aduerso
965 4359 1039 4440 isto,
1062 4359 1115 4424 ant
1129 4357 1330 4444 quorumdam
1352 4357 1483 4424 fortasse

229 4473 330 4558 potius
359 4473 455 4542 nimia
484 4474 661 4542 dominandi
689 4473 864 4560 cupiditate,
893 4475 1015 4542 abhoc
1043 4476 1110 4541 tam
1139 4473 1189 4558 pio
1219 4475 1311 4559 atquo
1338 4490 1480 4558 prospero
