3364 5102
680 404 925 484 -371-

175 608 348 681 continetur
377 609 541 694 defuturos,
571 611 624 680 sed
652 613 735 680 iusta
756 614 788 680 et
817 613 923 679 sancta
944 631 1031 679 arma
1052 611 1188 681 moturos
1210 629 1272 682 non
1299 613 1366 683 tam
1388 609 1428 682 nd

176 730 374 798 offensionem
395 731 482 795 tuam
505 727 578 816 (tibi
599 729 682 796 enim
704 729 807 797 omnia
830 747 949 814 semper
970 729 1099 796 honesta
1121 732 1153 797 et
1173 749 1316 816 prospera
1338 733 1427 817 opta·

176 845 261 933 mus)
278 866 370 932 quam
392 846 432 912 ad
447 844 652 912 defensionem
675 847 857 926 nostrorum,
879 848 911 912 et
924 847 1042 931 patriae
1058 847 1176 928 salutis,
1199 848 1429 932 communisque

177 963 349 1048 dignitatis,
380 958 467 1043 Quod
488 963 524 1026 nt
546 981 584 1028 ne
599 963 687 1029 nobis
709 963 840 1027 nimium
856 981 928 1045 egre
950 965 981 1028 et
995 963 1091 1029 invite
1113 963 1187 1028 haec
1209 964 1276 1048 ipsa
1291 965 1428 1030 tractan-

176 1079 261 1145 tibus
283 1079 380 1144 facere
403 1096 525 1144 necesse
548 1077 597 1158 sit
621 1079 813 1145 obsecramus
836 1078 866 1143 te
890 1077 935 1143 fili
958 1077 1138 1144 charissime
1160 1081 1344 1164 perviscera
1365 1080 1428 1146 mi·

178 1194 358 1261 sericordiae
381 1193 439 1260 Dei
461 1194 559 1260 nostri
582 1246 714 1261 .....
737 1196 769 1259 et
791 1213 845 1278 por
866 1213 934 1260 eam
958 1212 1053 1278 spem,
1076 1213 1152 1278 quas
1181 1194 1218 1261 de
1241 1197 1295 1260 tua
1317 1196 1430 1262 virtute

177 1313 336 1396 tamquam
359 1309 525 1376 christiano
541 1309 657 1374 nomini
681 1309 809 1374 salutari
824 1308 962 1374 omnium
980 1311 1098 1375 mentes
1113 1313 1282 1395 occuparat,
1305 1312 1340 1375 ut
1355 1329 1427 1396 pro-

180 1425 282 1492 videre
298 1425 374 1492 velis
389 1444 447 1510 quo
462 1425 675 1490 immoderatis
690 1424 909 1509 cupiditatibus
924 1424 1055 1508 repulsis
1070 1427 1102 1491 et
1123 1425 1240 1510 aliquid
1254 1427 1356 1510 potins
1370 1446 1429 1511 pu-

177 1541 258 1608 blico
274 1541 511 1607 christianitatis
526 1541 605 1607 bono
620 1539 824 1620 condonando,
841 1559 933 1624 quam
948 1541 1051 1606 omnia
1066 1541 1197 1607 nimium
1207 1541 1247 1608 ad
1263 1561 1296 1608 se
1309 1542 1431 1608 trahere

177 1656 314 1726 conando
336 1658 411 1722 huso
426 1657 534 1723 ltaliae
557 1658 588 1724 et
610 1657 846 1723 christianitatis
869 1656 1061 1724 incommoda
1082 1659 1114 1723 st
1128 1658 1262 1741 pericula
1284 1659 1338 1724 tua
1360 1676 1428 1724 mo·

178 1773 334 1840 deratione
356 1773 514 1850 sedentur;
536 1775 584 1838 est
606 1773 689 1840 enim
711 1773 770 1839 tibi
791 1772 923 1857 profecto
946 1772 1038 1838 hnius
1061 1791 1150 1840 curae
1172 1792 1248 1840 onus
1272 1792 1431 1841 commune

179 1889 339 1956 nobiscnm
361 1892 393 1956 et
415 1889 504 1955 ambo
528 1889 602 1957 adeo
631 1890 664 1955 in
686 1889 766 1955 hanc
789 1887 1026 1955 sollicitudinem
1055 1908 1110 1973 pro
1139 1889 1313 1956 commissis
1342 1889 1431 1956 nobis

180 2006 347 2072 honoribus
377 2025 484 2070 sumus
507 2005 615 2071 vocati.
659 2004 698 2072 ln
721 2023 779 2090 quo
802 2022 858 2070 uos
887 2003 987 2071 officio
1016 2006 1048 2071 et
1070 2004 1172 2072 debito
1201 2006 1305 2073 nostro
1334 2024 1431 2091 neque

180 2121 341 2200 doluimus,
364 2139 420 2187 nec
442 2121 591 2204 quantum
606 2121 743 2186 iustitiae
765 2120 968 2204 patrocinium
991 2121 1079 2186 nohis
1094 2121 1276 2206 permiserit,
1299 2121 1434 2188 defuturi

180 2257 296 2303 sumus.
326 2237 373 2302 sn
387 2255 458 2302 vero
482 2237 508 2302 si
531 2255 607 2321 quae
630 2235 667 2302 de
682 2237 735 2301 tua
757 2236 790 2302 in
812 2253 919 2319 pacem
940 2237 1113 2320 generalem
1137 2235 1294 2303 voluntate
1315 2236 1433 2321 passim

182 2353 354 2420 serebantur
377 2371 463 2418 veras
486 2351 663 2436 prudentiae
686 2354 718 2418 ot
740 2352 863 2437 pietatis
886 2351 1004 2418 radices
1033 2351 1202 2430 habebant3
1225 2353 1321 2418 habes
1343 2369 1431 2418 occa-

181 2469 298 2537 sionem
327 2467 500 2534 declarandi
530 2487 606 2553 quas
636 2467 797 2547 sentiebas,
828 2467 931 2533 omnia
953 2486 1023 2534 rere
1046 2470 1077 2533 et
1099 2487 1135 2534 ex
1167 2467 1269 2535 animo
1300 2466 1433 2534 sensisse

181 2585 272 2670 atque
294 2583 435 2669 operibus
457 2583 549 2650 verba
568 2582 791 2668 comprobanda
813 2583 1001 2667 singularem
1017 2584 1127 2667 optimi
1149 2583 1295 2668 principis
1310 2581 1433 2649 laudem

178 2701 238 2767 tibi
260 2685 443 2785 acqnhendi,
458 2699 511 2785 qui
534 2699 561 2765 si
576 2700 639 2765 iam
653 2700 742 2765 nobis
757 2699 822 2765 iure
837 2717 971 2764 amorem
987 2699 1075 2765 tnum
1091 2675 1283 2783 cupientibus
1304 2699 1339 2764 in
1352 2698 1432 2765 libc-

180 2815 276 2882 randa
291 2815 383 2882 ltalia
405 2835 498 2902 quam
513 2815 656 2882 federatis
680 2815 793 2883 uostris
808 2815 842 2881 in
865 2815 929 2881 suis
951 2813 1043 2881 iustis
1061 2817 1093 2880 et
1107 2815 1206 2901 plenis
1229 2815 1433 2882 hunnanitatis

180 2931 403 3017 aequitatisque
426 2931 625 3016 petitionibus
641 2930 817 2996 satisfacere
831 2929 1020 3007 institueris;
1044 2928 1102 2996 crit
1123 2931 1157 2996 id
1172 2930 1346 2996 serenitatis
1361 2931 1433 2998 tuae

180 3047 281 3112 famae
304 3065 340 3112 ac
362 3047 530 3131 sapientiae
552 3047 662 3112 melius
685 3047 783 3112 multo
805 3043 1035 3113 accomodatum
1057 3049 1088 3112 et
1109 3046 1178 3130 paci
1201 3045 1366 3112 universali
1381 3065 1431 3112 se·

180 3162 364 3246 sublatique
386 3163 452 3228 tam
475 3181 575 3228 rerum
593 3164 725 3242 tuamm,
747 3179 840 3245 quam
862 3160 957 3226 totius
972 3161 1209 3228 christianitatis
1232 3161 1333 3246 magis
1356 3181 1430 3228 con·

180 3279 368 3345 sentaneum.

271 3393 388 3461 mium
410 3394 525 3460 Romae
548 3393 597 3460 die
619 3391 700 3458 xxiii.
723 3391 811 3459 Junii
833 3391 964 3458 mdxxvi.
1009 3391 1098 3458 Anno
1121 3391 1220 3459 tertio.

773 3653 849 3720 276.

531 3818 590 3879 Fr.
612 3818 883 3878 Gulcclardlnus
905 3818 1086 3879 Sadoleto.

575 3928 741 4014 (Diversor.
756 3927 796 3993 ad
811 3925 904 3994 Olem.
920 3927 960 3994 Π.
977 3926 1043 4012 88).

671 4041 716 4130 (s.
739 4040 820 4127 seps
838 4041 949 4130 mae).

274 4203 375 4271 Hebbi
397 4204 505 4288 questa
526 4203 659 4270 mattina
680 4203 712 4268 le
734 4201 767 4268 di
789 4222 815 4269 v.
839 4221 862 4270 s.
886 4201 923 4268 de
944 4221 1009 4268 xxx.
1025 4201 1171 4288 Vengono
1194 4201 1304 4287 adagio
1326 4201 1435 4288 perche

182 4321 314 4408 perdono
330 4319 458 4405 qualche
472 4319 547 4385 hore
561 4319 593 4384 di
607 4319 660 4403 pih
683 4337 736 4403 per
750 4318 775 4383 il
789 4318 920 4404 pericolo
935 4318 991 4384 che
1013 4315 1029 4382 b
1044 4319 1093 4383 tra
1107 4314 1239 4385 Modena
1260 4319 1292 4384 ct
1306 4316 1434 4394 Parma;

184 4438 222 4504 de
244 4437 319 4503 belli
341 4435 425 4502 modi
446 4436 501 4502 che
524 4435 551 4501 si
574 4433 719 4500 tollereno
741 4433 775 4498 in
797 4434 897 4517 quello
919 4432 952 4498 di
971 4433 1089 4517 Reggio
1110 4452 1149 4500 ne
1172 4432 1269 4499 dehbe
1290 4449 1390 4499 essere
1411 4431 1437 4497 il

185 4571 261 4620 mco.
296 4571 387 4618 mess.
416 4549 530 4636 Jaoopo
557 4548 695 4616 arriscto
725 4547 776 4613 dal
803 4549 999 4634 gerematore
1022 4547 1053 4613 di
1076 4545 1221 4625 Medeam
1250 4547 1280 4615 ie
1309 4563 1370 4616 non
1395 4547 1436 4613 ho

1216 4654 1277 4728 24*
