3400 5088
792 379 1037 445 -126—

287 571 413 656 pertidia
434 572 597 658 inquinati,
627 575 746 640 vetusta
769 574 895 640 ecclesie
918 575 1108 640 sacramenta
1131 575 1162 640 et
1191 573 1283 639 fidem
1306 573 1417 640 sinceri
1439 575 1539 640 cuibus

287 689 411 768 thmsti,
434 707 494 755 non
517 688 606 753 modo
628 690 810 774 transgredi,
834 689 887 755 sed
908 691 1012 773 palam
1034 690 1129 755 etiam
1151 689 1366 774 reprehendere
1388 692 1419 756 et
1442 709 1538 774 oppu-

287 823 381 890 gnare
411 804 532 885 audent,
561 824 689 888 quorum
719 804 863 889 impietas
892 805 987 871 etiam
1016 805 1086 870 aliis
1116 807 1217 889 potest
1245 825 1312 870 esse
1344 807 1540 872 nocumento:

288 918 374 1001 Quod
397 940 451 986 nos
475 921 705 1005 aegreferentes,
728 939 798 986 cum
813 939 961 987 memores
984 920 1081 987 simus
1097 921 1171 1004 quid
1192 921 1454 1005 circumspectioni
1470 923 1540 987 tuae

288 1055 378 1121 super
399 1037 448 1102 his
472 1036 643 1103 dederimus
666 1036 833 1115 facultatis,
856 1055 892 1102 ac
915 1037 1027 1103 detra
1049 1037 1163 1102 virtute
1185 1039 1216 1103 ot
1237 1037 1399 1121 prudentia
1421 1039 1452 1104 et
1467 1057 1540 1122 erga

288 1172 444 1219 summum
472 1152 572 1218 Deum
601 1153 748 1236 religione
777 1151 892 1234 optime
922 1153 1099 1232 sentiamus,
1131 1153 1282 1219 voluimus
1306 1155 1337 1218 te
1359 1154 1457 1219 denuo
1487 1172 1541 1236 per

287 1268 345 1334 has
367 1268 487 1334 litteras
509 1268 640 1346 hortari,
670 1269 705 1334 ut
728 1267 865 1334 studium
894 1287 930 1334 ac
952 1269 1145 1352 diligentiam
1175 1269 1318 1335 adhibere
1341 1270 1450 1348 velles,
1480 1287 1539 1354 quo

288 1384 344 1451 hec
366 1385 453 1450 tanta
482 1385 568 1451 labes
598 1387 697 1450 rectae
726 1384 884 1470 religionis
907 1385 940 1450 in
969 1385 1014 1450 eis
1037 1385 1111 1451 locis
1141 1385 1344 1469 extinguetur,
1374 1385 1407 1449 in
1429 1385 1540 1468 quihus

288 1519 358 1567 cum
380 1500 454 1567 talis
469 1500 583 1567 femina
605 1500 689 1567 omni
705 1499 817 1567 virtute
839 1502 871 1567 et
892 1500 1005 1584 pietate
1023 1501 1163 1584 prestans
1185 1501 1273 1584 gerat
1295 1503 1326 1566 et
1349 1500 1461 1566 habeat
1484 1518 1539 1584 po-

287 1617 440 1697 testatem,
463 1635 524 1683 non
539 1635 701 1700 possumus
723 1616 863 1683 dubitare
888 1617 970 1682 illius
992 1616 1127 1706 instante
1151 1616 1338 1695 auctoritate,
1367 1617 1421 1680 tua
1442 1615 1540 1681 inter·

288 1733 427 1800 veniente
450 1751 522 1798 cura
543 1733 575 1799 et
597 1731 812 1812 sollicitudine,
835 1732 910 1816 quin
931 1731 1035 1798 omnia
1058 1731 1121 1797 sint
1143 1730 1246 1796 tutum
1268 1730 1308 1796 ad
1322 1731 1382 1818 Dei
1403 1733 1434 1797 et
1455 1732 1539 1798 anti·

287 1868 364 1934 quae
387 1848 458 1915 fidei
480 1848 625 1915 honorem
648 1866 683 1913 ac
705 1848 930 1914 observantiam
954 1847 1057 1913 facilia
1079 1849 1170 1932 atque
1193 1865 1296 1931 prona,
1318 1866 1379 1914 non
1401 1848 1484 1914 enim
1506 1847 1541 1912 in

288 1965 376 2032 nobis
399 1965 503 2031 cadere
526 1966 628 2048 potest
649 1963 714 2030 ulla
737 1963 888 2030 dubitatio
903 1963 991 2030 illam
1014 1963 1110 2030 tantis
1133 1963 1230 2029 aDeo
1254 1963 1342 2029 donis
1365 1965 1396 2030 et
1417 1964 1540 2030 dotibus

288 2084 428 2147 ornatam
449 2079 619 2160 mulierem,
641 2097 718 2165 quae
734 2079 798 2146 suis
821 2080 987 2146 virtutibus
1010 2080 1146 2146 omnium
1163 2097 1287 2146 suorum
1308 2081 1460 2147 maiorum
1476 2080 1539 2146 vir·

288 2198 370 2263 tutes
402 2196 598 2280 representat,
629 2195 875 2280 posthabituram
899 2196 1028 2262 hrtelam
1057 2197 1088 2261 et
1117 2195 1322 2262 defensionem
1355 2196 1540 2262 christianae

289 2311 446 2396 religi0nis
468 2311 534 2378 eius
556 2330 614 2396 que
637 2329 655 2375 a
678 2309 794 2394 Spiritu
818 2309 929 2377 Sancto
958 2331 1012 2395 per
1034 2329 1143 2376 manus
1171 2313 1347 2377 sanctorum
1376 2315 1497 2396 patrum
1522 2331 1540 2376 a

288 2428 420 2493 tetiam
443 2427 554 2494 soordis
576 2427 698 2510 accepta
720 2427 752 2492 et
773 2427 901 2510 probata
922 2427 978 2492 est.
1024 2423 1123 2506 Quare
1146 2429 1177 2493 te
1193 2427 1250 2492 hac
1273 2446 1326 2511 spe
1348 2426 1493 2494 fidentem
1509 2430 1541 2493 et

289 2562 345 2627 ope
366 2543 425 2609 Dei
447 2561 482 2608 ao
504 2544 609 2608 nostra
638 2542 818 2608 auctoritate
846 2544 958 2626 turaque
989 2541 1101 2608 virtute
1131 2544 1286 2608 armatum
1316 2541 1388 2608 dare
1417 2561 1540 2610 omnem

289 2677 411 2743 operam
434 2659 583 2738 volumus,
605 2659 641 2723 ut
669 2676 773 2724 eorum
796 2657 848 2742 qui
871 2657 1077 2724 ministerium
1107 2657 1164 2723 hoc
1185 2677 1314 2741 pravum
1336 2661 1368 2725 et
1389 2657 1540 2743 pernicio-

291 2795 359 2840 sum
382 2772 593 2857 corrumpendi
615 2772 750 2856 puriores
773 2774 893 2838 animas
910 2771 1063 2839 Sathanae
1077 2774 1213 2856 prebent,
1237 2775 1335 2840 scelus
1357 2775 1448 2860 atque
1470 2792 1541 2858 per·

290 2889 362 2955 lidia
385 2890 438 2954 aut
460 2909 514 2974 per
536 2889 737 2973 penitentiam
760 2888 865 2955 delicti
886 2887 924 2953 ad
949 2889 1114 2954 samtatrm
1136 2890 1335 2968 convertatur,
1364 2890 1417 2955 aut
1438 2888 1543 2974 dignis

291 3005 449 3090 suppliciis
471 3005 655 3084 cohibeatur,
684 3003 718 3069 in
740 3021 799 3089 quo
822 3004 1101 3087 circumspectionis
1131 3006 1202 3070 tuae
1226 3003 1362 3070 studium
1384 3005 1416 3070 et
1437 3023 1543 3071 curam

290 3124 322 3188 et
337 3121 401 3187 Deo
422 3123 455 3186 et
476 3120 564 3186 nohis
579 3121 720 3186 volumus
743 3119 896 3185 inservire.
943 3120 1058 3185 Datum
1073 3121 1188 3185 Romae
1211 3122 1266 3186 etc.
1289 3119 1338 3186 die
1353 3121 1410 3186 xri
1426 3119 1543 3204 Aprilis

293 3237 410 3302 mdrxv.
455 3239 545 3301 Anno
568 3235 706 3302 secundo.

892 3495 944 3562 94.

708 3660 882 3719 Dominae
905 3661 1131 3732 Margaritae.

381 3816 501 3881 Dilecta
530 3815 563 3880 in
585 3813 707 3879 Christo
736 3813 801 3880 filia
830 3816 885 3881 etc.
932 3815 975 3878 Ex
1005 3815 1127 3896 regione
1158 3813 1338 3881 Hollandiae
1367 3817 1399 3881 et
1428 3815 1543 3882 circum

293 3930 502 3997 adiacentibus
531 3930 618 4009 locis,
647 3929 681 3994 in
710 3929 821 4013 quibus
850 3933 920 3994 tuae
950 3928 1123 3995 nobilitatis
1153 3931 1288 4013 potestas
1317 3933 1349 3996 et
1378 3931 1544 3998 auctoritas

294 4065 414 4112 summa
436 4047 492 4126 est,
521 4045 655 4130 quotidie
678 4045 718 4110 ad
739 4064 794 4110 uos
817 4045 992 4110 deferuntur
1022 4047 1160 4130 querelae
1190 4045 1335 4112 adversus
1365 4047 1544 4130 complures,

293 4161 346 4245 qui
368 4161 433 4226 eius
462 4179 539 4246 quae
568 4179 648 4226 nuno
669 4161 871 4228 debacchatur
899 4162 1038 4227 hereseos
1069 4161 1196 4245 perfidia
1225 4161 1392 4246 inquinati,
1422 4164 1545 4228 vetusta

293 4277 418 4343 ecclesie
441 4278 631 4342 sacramenta
652 4277 683 4342 et
705 4275 797 4342 fidem
827 4276 937 4342 sinceri
965 4277 1066 4341 cultus
1089 4275 1213 4355 Christi,
1244 4295 1305 4344 non
1327 4277 1416 4344 modo
1438 4279 1543 4344 trans·

292 4391 388 4480 gredi,
411 4391 464 4458 sed
486 4393 589 4478 palam
611 4392 705 4458 etiam
721 4391 936 4475 reprehendere
958 4393 990 4456 et
1005 4411 1180 4476 oppugnare
1194 4392 1315 4472 audent
1338 4413 1466 4477 quorum
1480 4394 1543 4458 im·

293 4508 391 4594 pietas
414 4507 508 4575 etiam
531 4507 601 4573 aliis
624 4507 724 4591 potest
747 4527 812 4572 esse
836 4509 1032 4582 nocumento;
1055 4527 1184 4592 cumque
1205 4526 1261 4574 nos
1284 4508 1321 4575 de
1343 4509 1446 4575 nobil·
1473 4511 1543 4576 tuae
