3364 5102
675 347 921 417 -353-

761 691 836 759 269.

418 855 617 917 Cardlnalls
643 857 880 917 Eboraoensls
903 855 1075 918 Clementi
1097 859 1171 920 vn.

643 965 730 1053 (Litt.
746 967 840 1052 princ.
856 967 897 1035 IL
913 965 958 1053 2).

673 1081 802 1170 (3.111.
820 1083 929 1170 1526).

264 1245 447 1312 Beatissimo
468 1237 559 1311 Pater
582 1244 765 1310 deosculatis
783 1244 987 1311 sanctissimis
1010 1247 1127 1311 1111111
1149 1247 1348 1315 beatitudinis
1369 1268 1424 1334 po-

173 1363 262 1429 dibus
278 1364 309 1428 et
322 1361 499 1428 humillima
521 1359 783 1427 commendatione
804 1361 980 1445 praemissa.
1003 1361 1197 1430 Perturbatio
1212 1365 1310 1431 animi
1331 1384 1424 1450 quam

173 1499 201 1547 u.
218 1498 241 1546 s.
264 1498 300 1546 11
322 1478 452 1563 appulsu
474 1477 621 1563 vicerogis
643 1477 832 1561 aliorumque
854 1476 1076 1545 Germanorum
1098 1478 1131 1545 in
1146 1479 1271 1548 Italiam
1294 1481 1425 1549 adventu

173 1596 358 1679 conceperat
380 1613 415 1660 oc
429 1593 626 1678 potissimum
641 1594 763 1660 nomino
778 1593 857 1679 quod
872 1594 1027 1677 publicam
1042 1594 1278 1663 christianitatis
1292 1598 1426 1684 quietem

175 1711 380 1795 suspicaretur
402 1729 438 1777 er
459 1710 515 1775 illa
537 1709 693 1777 occasione
707 1711 892 1776 ccmmctum
914 1710 962 1790 iri,
984 1711 1072 1777 tante
1087 1730 1137 1778 me
1159 1713 1301 1781 molestia
1323 1714 1426 1781 affecit

175 1828 289 1912 quanta
311 1825 521 1892 humillimam
537 1845 572 1890 ac
593 1825 898 1892 observantissimam
913 1827 1083 1894 creaturam
1106 1827 1215 1896 meritc
1230 1829 1336 1898 debuit
1354 1830 1426 1898 affi-

176 1961 257 2009 cere:
280 1942 411 2008 Proinde
433 1961 528 2028 quum
551 1942 598 2007 tot
619 1941 795 2008 nominibus
817 1942 1001 2026 apostolicae
1023 1941 1078 2009 isti
1101 1943 1166 2010 sedi
1189 1946 1221 2011 ot
1243 1946 1428 2014 beatitudini

177 2060 296 2125 restrae
318 2059 461 2143 perpotuc
489 2056 636 2123 obnoxius
660 2057 730 2138 sim,
752 2075 888 2125 mearum
916 2057 950 2124 in
971 2059 1081 2143 primis
1110 2061 1245 2144 portium
1267 2082 1335 2131 esso
1356 2063 1429 2132 duxi

176 2175 383 2258 praesentium
415 2192 516 2240 rorum
546 2173 662 2239 statum
693 2173 887 2239 serenissimo
915 2173 1037 2240 dominc
1066 2195 1134 2242 meo
1163 2177 1231 2262 rogi
1260 2197 1296 2245 ox
1325 2178 1428 2246 animo

177 2290 397 2371 commendare,
419 2289 472 2374 qui
486 2308 581 2372 quum
596 2287 721 2355 filialem
740 2289 983 2357 benevolentiam
998 2310 1072 2376 erga
1086 2309 1110 2358 s.
1126 2313 1153 2358 r.
1171 2295 1428 2381 apostolicamque

190 2409 272 2473 stam
295 2406 398 2474 sedem
427 2403 677 2472 constantissimo
700 2422 819 2488 semper
850 2405 953 2472 animo
983 2407 1127 2490 praestet,
1156 2427 1241 2475 meas
1271 2428 1427 2479 commen·

178 2523 316 2589 dationes
346 2541 408 2588 non
437 2520 536 2586 solum
566 2518 788 2600 1111111111
821 2519 874 2586 sod
896 2520 994 2587 uoluit
1023 2541 1140 2608 quoquo
1162 2524 1219 2591 boc
1248 2513 1429 2611 praesertim

178 2642 314 2725 tompore
336 2656 432 2722 noque
454 2636 580 2704 consilio
602 2654 698 2720 nequo
720 2635 940 2717 adhortatione,
962 2655 1018 2704 111
1032 2639 1240 2708 amantissimi
1261 2643 1356 2710 animi
1376 2644 1426 2711 in·

178 2755 257 2822 dicio
273 2774 362 2821 suum
377 2772 450 2838 erga
465 2753 493 2818 b.
510 2773 536 2818 v.
553 2750 690 2830 studium
703 2752 934 2836 promptissime
948 2752 1056 2820 testari
1074 2755 1145 2838 (sie)
1163 2756 1249 2823 cuiue
1269 2759 1315 2824 rei
1327 2761 1429 2844 gratia

177 2869 378 2956 magnificum
399 2887 434 2936 ac
455 2868 590 2936 nobilem
611 2867 745 2951 equitem
767 2867 925 2935 dominum
947 2867 995 2936 Jo.
1018 2869 1201 2952 Bersellum,
1224 2892 1315 2957 quem
1336 2893 1355 2941 a
1378 2895 1427 2942 se·

179 2985 300 3052 cretiori
321 2984 459 3050 cubiculo
481 2983 574 3049 babet
596 2984 628 3049 11
642 2983 691 3048 cui
713 3002 769 3068 ogo
791 2983 916 3067 perinde
938 3003 974 3050 11
988 2985 1108 3070 proprio
1130 2987 1220 3054 fratri
1242 2992 1273 3056 ct
1290 2991 1429 3059 omnium

180 3101 259 3168 mihi
280 3101 390 3166 intimo
420 3093 544 3180 afficior,
573 3099 613 3165 11
636 3099 831 3165 sanctitatem
861 3101 994 3166 vostram
1024 3121 1104 3169 nunc
1133 3106 1301 3188 properatis
1330 3107 1431 3174 mittit

179 3217 350 3296 itineribus,
380 3217 415 3282 ut
442 3235 531 3281 suum
560 3233 634 3301 erga
655 3233 724 3282 eam
754 3216 1003 3300 syncerissimum
1020 3219 1138 3318 ,1111111
1167 3238 1271 3288 coram
1292 3225 1429 3308 exponat

180 3331 289 3398 Eidem
311 3351 367 3418 ego
390 3331 513 3398 dominc
534 3330 657 3397 Resollc
680 3330 827 3397 nonnulla
848 3331 947 3398 cordis
970 3333 1032 3399 moi
1054 3352 1164 3400 arcana
1186 3354 1209 3402 1.
1225 3355 1253 3404 u.
1269 3339 1430 3423 aperienda

181 3448 330 3530 commisi,
353 3466 445 3532 quam
467 3446 641 3513 humillimo
663 3465 736 3532 rogo
758 3448 794 3512 ut
824 3447 998 3532 loquentem
1027 3449 1118 3516 illum
1140 3452 1270 3519 altorum
1292 3473 1342 3521 mo
1365 3474 1432 3523 osso

181 3565 344 3644 existimet
366 3566 398 3630 11
412 3562 535 3649 perinde
558 3582 594 3631 11
608 3561 686 3628 mihi
701 3561 793 3629 fidem
808 3563 869 3646 ipsi
882 3563 915 3631 in
931 3565 1073 3631 omnibus
1096 3567 1300 3635 certissimam
1319 3570 1432 3637 babere

181 3681 325 3766 dignetur
346 3683 377 3747 et
399 3680 437 3746 de
451 3680 542 3746 huius
565 3679 666 3764 regino
681 3698 721 3745 m.
737 3678 828 3745 filiali
849 3679 883 3745 in
905 3699 937 3746 so
960 3680 1069 3748 affectu
1091 3683 1122 3747 ot
1137 3682 1349 3753 addictissimo
1362 3703 1432 3753 moa

181 3797 374 3864 observantia
396 3795 610 3882 syncerissima
633 3813 668 3860 11
689 3793 871 3862 fidelissima
892 3815 1027 3881 quaeque
1050 3797 1111 3864 sibi
1131 3798 1276 3881 polliceri.

272 3909 355 3992 Quas
377 3931 502 3995 pessum
525 3910 633 3977 deinde
654 3911 847 3977 humillimas
876 3911 993 3996 gratias
1015 3932 1042 3978 v.
1064 3914 1093 3980 b.
1116 3932 1174 3998 ago
1196 3914 1276 3998 quod
1305 3935 1341 3982 11
1365 3917 1430 3982 sin·

184 4027 286 4113 galeri
318 4047 374 4093 sua
407 4027 441 4093 in
471 4046 521 4093 mc
552 4026 743 4111 benignitate
771 4045 833 4093 non
863 4028 1008 4112 meatur
1036 4027 1170 4094 assiduis
1198 4049 1248 4096 mo
1279 4031 1434 4098 boneficiis

181 4163 324 4210 exornare
346 4145 377 4210 ot
398 4143 431 4209 in
452 4143 531 4210 mois
554 4142 720 4230 desyderiis
742 4142 938 4228 indulgendis
964 4144 1215 4212 liberalissimam
1236 4147 1433 4232 promptissi-

183 4279 325 4344 mamque
347 4279 380 4326 se
402 4260 550 4340 exhibere,
578 4257 610 4324 id
633 4259 713 4344 quod
735 4259 979 4326 cumulatissime
1007 4279 1087 4326 nunc
1109 4260 1236 4327 1111111
1265 4262 1328 4328 mei
1350 4261 1432 4330 011-

183 4376 299 4442 niensis
313 4375 435 4461 collegii
449 4376 604 4442 bullarum
619 4373 823 4459 expeditione
839 4375 892 4442 sed
907 4395 1002 4460 quum
1017 4378 1163 4443 nonnulla
1177 4377 1244 4444 loca
1259 4395 1295 4446 11
1308 4377 1434 4445 nomina

183 4492 312 4577 scriptor
332 4511 491 4578 perperam
514 4489 678 4576 scripserit,
701 4491 891 4576 maximeque
906 4510 962 4577 ego
989 4493 1110 4576 cupiam
1132 4493 1177 4559 ite
1199 4492 1316 4560 dictum
1338 4493 1431 4561 collo·

236 4619 338 4666 11111..
352 4619 459 4658 mu·
474 4619 521 4660 vu.
1230 4603 1275 4672 23
