3400 5088
681 293 904 400 ...811-

166 510 268 576 preces
290 490 365 558 baec
379 491 485 558 nostra
506 489 639 558 charitas
661 487 918 558 etbeuevolentia
938 505 1011 574 erga
1024 506 1079 554 vos
1102 489 1137 555 ut
1159 488 1240 574 apud
1262 508 1418 559 summum

167 608 267 674 Deum
289 608 402 675 habeat
415 607 525 687 locum,
549 606 665 690 siquid
687 606 785 673 adhuc
800 606 833 673 in
847 605 934 672 uobis
950 605 1004 670 aut
1017 605 1202 672 reverentiae
1224 624 1298 691 erga
1315 606 1418 690 ipsum

168 724 222 789 aut
243 743 316 810 erga
337 743 393 791 nos
408 723 521 789 amoris
543 722 657 789 residet
678 723 845 807 procurate.
875 721 933 788 His
956 720 1079 805 quddam
1097 738 1153 787 noe
1176 720 1329 788 decausis
1351 742 1417 790 ven.

166 837 293 905 fratrem
315 840 349 906 ll.
376 839 551 924 episcopum
573 820 763 905 Verulanum
784 838 931 905 nuncium
952 838 1093 904 nostrum
1123 833 1163 901 ad
1184 855 1238 931 vos
1261 838 1419 923 totumue

169 973 279 1022 nomen
300 954 493 1022 Heluetieum
515 953 679 1034 mittimus,
708 954 865 1020 hominem
886 954 982 1019 lidum
1005 971 1041 1019 ao
1062 951 1243 1036 prudentem
1264 954 1296 1019 et
1318 972 1420 1020 rerum

168 1071 339 1140 uestrarum
367 1090 425 1137 usu
454 1070 728 1155 consuetudineque
750 1069 892 1154 peritum,
921 1069 975 1153 qui
1003 1067 1146 1134 omnibus
1175 1068 1299 1153 quidem
1327 1067 1419 1136 isti'ue

169 1186 298 1252 invictae
333 1187 468 1253 nationis
505 1186 560 1254 sed
588 1185 705 1251 nomini
727 1184 887 1270 imprimis
916 1187 1018 1251 uestro
1047 1185 1135 1249 tanto
1164 1202 1267 1250 amore
1298 1185 1419 1254 deditus

167 1303 216 1367 est
237 1302 273 1366 ut
294 1301 332 1367 de
353 1300 440 1368 vobis
462 1300 662 1386 praedicando
685 1301 716 1366 et
745 1301 862 1366 vestras
885 1299 1014 1366 virtutes
1043 1300 1307 1368 commemorando
1337 1321 1418 1369 nuu-

168 1436 261 1503 quam
283 1417 389 1482 satiari
411 1435 499 1502 posse
521 1416 674 1494 videatur3
701 1416 755 1501 qui
776 1416 849 1482 licet
870 1415 934 1482 iam
957 1415 1046 1480 annis
1075 1415 1180 1498 gravis
1209 1417 1241 1482 et
1261 1417 1418 1484 laboribus

168 1531 293 1598 attritus
316 1531 366 1612 sit,
387 1551 510 1599 omnem
526 1533 630 1599 tamen
650 1532 809 1599 uobiscum
830 1530 1007 1616 negociandi
1024 1531 1212 1597 occasionem
1234 1552 1288 1618 pro
1311 1535 1420 1604 solatio

169 1649 230 1715 eibi
251 1651 282 1716 et
303 1649 437 1733 requiete
451 1648 621 1716 existimat:
644 1647 730 1714 cuius
753 1665 808 1713 nos
824 1646 1018 1732 prudentiam
1040 1647 1071 1712 et
1085 1647 1272 1714 industriam
1286 1650 1419 1717 maxime

168 1764 306 1844 iacimus,
328 1765 452 1849 eiusque
474 1765 638 1832 adventum
660 1763 747 1830 vobis
769 1763 878 1830 utilem
897 1763 939 1829 set
961 1762 1127 1829 iucundum
1150 1763 1177 1830 si
1199 1783 1254 1831 uos
1275 1767 1306 1832 et
1328 1765 1419 1834 illum

169 1881 272 1947 audire
288 1880 457 1948 uolueritis
486 1880 624 1946 littorum
646 1857 708 1945 non
735 1879 921 1946 dubitamus.
966 1877 1123 1946 Mittimus
1153 1881 1257 1962 autem
1280 1884 1318 1949 ob
1341 1881 1420 1950 hono

84 1997 87 2004 '
170 2014 292 2062 causam
313 1997 349 2062 ut
370 1996 399 2062 is
421 1996 617 2081 potissimum
640 1996 673 2062 in
687 1996 767 2062 hano
788 2014 893 2061 curam
915 1995 1074 2062 incumbat
1095 1998 1131 2062 ut
1153 2015 1229 2081 quae
1252 2000 1325 2065 sunt
1338 1998 1420 2067 inter
1527 1991 1530 2006 ¹

170 2129 223 2178 vos
246 2113 277 2178 et
292 2113 410 2178 uestros
426 2111 523 2180 socios
539 2111 668 2177 dissidia
682 2130 756 2196 paee
770 2110 1025 2196 consensioneque
1040 2113 1216 2196 componat;
1239 2113 1319 2181 nihil
1336 2115 1420 2183 enim

169 2228 257 2318 nobis
272 2227 394 2312 aegrius
409 2226 515 2292 auditu
537 2229 593 2308 est
617 2246 709 2311 quam
724 2246 778 2293 vos
801 2225 986 2293 dissidentes
1009 2229 1040 2292 et
1054 2226 1208 2294 discordes
1230 2230 1419 2316 intelligere:

171 2361 225 2409 neo
247 2343 342 2409 etiam
364 2343 526 2428 quicquam
550 2341 699 2426 estquod
722 2342 808 2408 vobis
831 2342 1030 2426 perniciosius
1053 2361 1119 2409 esse
1141 2343 1255 2427 possit;
1286 2346 1314 2412 si
1336 2348 1420 2428 enim

171 2478 304 2543 unquam
326 2458 431 2542 generi
446 2458 603 2526 Helvetico
625 2458 684 2523 luit
706 2457 876 2524 necessaria
891 2477 948 2542 pax
969 2458 1050 2524 inter
1072 2478 1113 2538 se,
1135 2478 1206 2525 eum
1228 2461 1285 2526 hae
1308 2461 1421 2530 Sancta

173 2574 248 2642 Sede
270 2575 407 2641 amicitia
428 2576 459 2640 et
473 2573 653 2654 coniunctio,
675 2574 733 2639 hoc
754 2573 907 2658 imprimis
930 2575 1065 2658 tempore
1086 2592 1145 2659 quo
1167 2576 1215 2640 tot
1236 2577 1421 2646 turbulentis

172 2690 382 2756 christianitas
397 2691 515 2774 agitata
529 2690 577 2757 est
594 2689 737 2774 periculis
753 2708 907 2755 summam
922 2689 1041 2755 videtm
1062 2691 1174 2757 habere
1188 2694 1420 2776 necessitatem

174 2805 226 2872 sed
249 2805 324 2871 haec
345 2805 514 2872 coniunctio
544 2805 610 2872 sine
638 2806 746 2871 mutua
775 2805 856 2871 inter
884 2824 938 2871 ros
961 2805 1183 2890 conspiratione
1205 2808 1329 2876 stabilis
1351 2826 1420 2878 esse

172 2939 232 2988 non
253 2921 369 3006 potest3
392 2922 496 2987 auctor
510 2921 614 2987 antem
636 2920 736 2988 omnis
758 2920 858 2986 fidelis
880 2922 912 2988 et
933 2939 1021 2988 verae
1036 2921 1270 3006 conspirationis
1292 2944 1327 2992 ao
1345 2945 1418 2994 eon·

171 3037 289 3103 cordiae
311 3040 360 3104 est
380 3038 473 3118 Deus,
495 3037 529 3103 in
551 3036 637 3102 euius
659 3036 777 3102 culum
799 3037 831 3102 et
852 3036 998 3104 honorem
1013 3037 1127 3122 pariter
1149 3039 1319 3107 consentire
1334 3041 1421 3109 decet

175 3172 225 3218 eos
248 3153 301 3237 qni
322 3152 483 3219 concordes
506 3153 586 3218 inter
608 3171 642 3218 se
665 3153 737 3217 sunt
758 3151 862 3218 firturi
893 3150 979 3232 Quod
1000 3154 1037 3219 ut
1058 3152 1157 3219 facere
1179 3153 1281 3222 velitis
1304 3175 1340 3223 ac
1361 3177 1418 3241 pa·
1517 3141 1521 3148 ’

171 3268 268 3335 temie
290 3268 405 3334 uostris
427 3268 567 3353 precibus
590 3267 868 3351 munitionibusque
890 3269 926 3333 ut
948 3259 1147 3353 acquiescetis
1170 3269 1304 3337 multum
1326 3271 1419 3340 devo·

171 3384 271 3450 tiones
293 3386 411 3450 vestae
441 3383 474 3449 in
495 3382 628 3449 Domino
655 3383 822 3461 hortamur,
851 3383 938 3450 vobis
966 3383 1061 3450 etiam
1084 3384 1302 3469 significantes,
1332 3387 1361 3455 ei
1382 3389 1422 3454 ad

171 3518 228 3566 nos
251 3499 290 3564 ad
311 3499 390 3565 hauc
413 3496 443 3565 S.
467 3497 577 3565 Sedem
599 3499 639 3564 ad
661 3498 811 3564 maiorum
841 3499 1011 3566 uestrorum
1038 3500 1177 3584 exempla
1198 3501 1238 3568 ad
1267 3521 1343 3569 sana
1364 3503 1420 3572 do·

171 3617 289 3682 olorum
304 3615 461 3680 celestium
484 3615 516 3680 et
530 3612 701 3680 divinorum
724 3614 841 3679 monita
863 3613 1010 3698 respicere
1025 3615 1182 3682 volueritis
1204 3618 1235 3682 et
1256 3617 1422 3702 impiorum

172 3729 300 3796 anobis
329 3730 457 3796 consilia
479 3729 721 3816 segregaveritis,
751 3749 806 3796 nos
829 3730 862 3796 in
884 3730 971 3797 vobis
1000 3731 1152 3812 ornandis,
1182 3731 1333 3816 iurandis,
1361 3736 1419 3802 ho·

171 3844 329 3911 uastandis
358 3845 422 3912 fore
450 3845 546 3912 etiam
567 3847 725 3930 promptos
755 3864 874 3929 semper
902 3847 934 3911 et
955 3845 1097 3912 liberales
1127 3867 1162 3914 ac
1190 3849 1348 3916 vobiscum
1376 3851 1422 3918 ita

172 3962 292 4027 acturos
315 3961 350 4026 ut
371 3960 544 4046 intelligere
566 3961 692 4046 possitis
721 3962 855 4027 vestram
885 3962 1053 4028 utilitatem
1081 3965 1212 4048 gloriam
1242 3965 1422 4034 felicitatem

172 4077 268 4156 vobis,
289 4094 352 4142 non
381 4095 466 4144 secus
489 4096 523 4142 ae
553 4078 581 4142 si
603 4097 638 4144 ex
661 4077 748 4143 nobis
778 4077 886 4142 essetis
909 4078 1016 4162 geniti,
1045 4081 1192 4164 tanquam
1215 4082 1296 4166 patri
1318 4058 1369 4168 pio
1392 4087 1422 4152 et

173 4193 387 4259 amantissimo
409 4193 443 4259 in
465 4161 621 4261 animoa
643 4192 730 4260 corde
759 4193 884 4259 infixam
908 4212 1026 4278 semper
1048 4214 1129 4271 esse;
1160 4196 1239 4262 siout
1266 4199 1360 4266 letius
1383 4202 1422 4267 ab

173 4307 278 4374 eodem
302 4308 442 4394 episcopo
457 4308 609 4375 Verulano
632 4309 813 4393 intelligetis
836 4309 886 4376 oui
907 4309 997 4376 iidem
1017 4309 1178 4377 habebitis.
1223 4314 1339 4380 Datum
1357 4315 1421 4381 Ro·

228 4549 329 4598 ltplatelu
343 4552 450 4588 clementia
465 4551 512 4591 vn.
1243 4537 1264 4604 6
