3396 5090
780 345 1068 412 -218-’

272 539 394 606 nostrae
416 559 453 605 ao
473 539 566 605 huius
589 539 659 606 Sta
682 537 771 607 Sedis
800 539 963 626 dignitatis
992 540 1157 616 rationem
1187 541 1291 607 tamon
1314 543 1345 608 et
1367 560 1423 608 nos
1446 540 1527 625 quod

270 654 392 740 egimus
421 655 513 722 iustis
534 657 566 721 et
588 655 767 722 necessariis
796 655 956 722 decausis
979 675 1069 741 agere
1091 655 1206 722 immas
1235 654 1368 736 adduoti,
1397 675 1452 724 neo
1473 657 1525 722 in·

272 770 444 855 tetigimus
473 771 547 856 quid
577 772 651 837 bueo
673 773 778 838 nosba
808 771 887 838 aetio
910 773 964 839 aut
993 772 1063 838 aliis
1086 771 1324 857 opportunitatis
1354 772 1409 838 aut
1437 771 1525 839 nobis

268 883 378 952 damni
399 887 533 972 amplius
555 887 701 955 attulerit
746 889 847 973 Atque
869 887 989 956 utinam
1011 888 1045 954 in
1073 887 1170 954 tantis
1193 907 1294 953 rerum
1325 887 1525 956 varietatibus

270 1019 347 1085 quos
369 1001 435 1068 dies
457 1002 592 1087 quotidie
615 1003 663 1069 vel
684 1003 786 1088 potine
809 1005 884 1070 hora
906 1003 974 1082 fert,
997 1023 1134 1070 essemus
1150 1003 1253 1070 miuus
1276 1003 1367 1089 longo
1390 1004 1525 1070 looorum

271 1117 371 1202 spatio
394 1117 548 1198 disiuncti,
570 1119 730 1186 nonenim
751 1117 962 1186 dubitaremus
985 1119 1060 1206 quin
1075 1119 1205 1186 oonsilia
1227 1137 1317 1202 saepe
1339 1121 1444 1186 nostra
1466 1138 1524 1203 ap·

271 1235 413 1317 probares
436 1237 468 1302 et
482 1236 535 1301 tuo
558 1252 675 1320 quoque
689 1235 816 1302 oonsilio
839 1253 874 1301 ao
897 1253 987 1320 opera
1001 1235 1169 1302 adiuvem.
1216 1233 1276 1302 Sed
1294 1253 1350 1302 nos
1372 1233 1435 1302 fere
1449 1253 1523 1301 oon·

272 1349 378 1416 silium
399 1367 453 1434 pro
476 1369 578 1416 rerum
599 1354 759 1435 praesente
781 1352 866 1418 statu
888 1369 994 1436 capere
1015 1352 1160 1418 donantes
1183 1369 1231 1417 roe
1254 1350 1339 1434 ipsae
1361 1349 1524 1429 desierunt

269 1485 347 1550 qnae
368 1465 536 1550 repentinis
565 1466 687 1533 ossibus
709 1466 877 1551 dissipatae
906 1469 997 1552 atque
1026 1467 1215 1556 transmotae
1237 1468 1376 1533 nostram
1405 1483 1525 1550 quoquo

270 1581 444 1667 opinionem
467 1582 615 1652 variarint
636 1585 668 1649 et
688 1582 840 1648 moverint
862 1601 984 1650 neeesse
999 1585 1054 1649 ost.
1100 1583 1139 1649 In
1160 1581 1253 1649 finem
1267 1584 1372 1648 tamen
1394 1580 1523 1650 eundem

269 1697 425 1765 tendimus
447 1700 483 1763 ut
505 1697 615 1784 siqua
637 1698 726 1765 nobie
748 1697 893 1765 concedat
915 1697 1066 1765 Dominus
1089 1698 1242 1782 possimus
1263 1697 1297 1765 in
1318 1697 1416 1764 tantis
1438 1695 1523 1764 diffi-

270 1814 438 1880 cultatibus
451 1815 623 1898 temporum
640 1833 743 1900 regere
766 1813 870 1882 navim
885 1833 954 1881 eam
977 1833 1054 1898 quae
1068 1815 1190 1881 nostrae
1213 1833 1301 1880 ourae
1316 1816 1348 1880 ot
1369 1813 1524 1880 custodiae

268 1933 319 1996 eet
346 1929 470 2009 eredita,
499 1948 591 2016 quam
619 1930 740 1996 utinam
768 1931 802 1996 in
823 1932 946 2016 portum
976 1931 1159 1997 ineolumem
1187 1929 1332 1998 deduoere
1361 1929 1523 2015 possimus

269 2045 338 2112 Ftsi
360 2046 434 2112 haee
449 2064 498 2111 res
512 2045 575 2111 ism
592 2046 655 2112 voti
670 2046 772 2130 potius
787 2063 881 2130 quam
897 2045 1025 2112 humani
1046 2046 1168 2112 oonsilii
1187 2045 1308 2112 ridetur
1321 2045 1428 2132 useel)
1463 2043 1523 2111 Sed

269 2160 307 2228 de
329 2161 380 2227 his
402 2161 544 2228 omnibus
574 2181 644 2227 oum
673 2160 779 2228 eodem
802 2159 949 2246 Gregorio
979 2161 1081 2246 equite
1103 2161 1206 2228 Oosali
1234 2161 1386 2246 copiosius
1416 2181 1522 2228 sumus

270 2277 373 2356 leonti,
396 2276 445 2343 oui
468 2276 507 2343 ud
522 2277 628 2343 oir.selu
648 2279 734 2344 tuam
751 2277 897 2344 scribenti
920 2277 1012 2344 fidem
1033 2278 1089 2344 illa
1105 2277 1238 2344 babebit
1276 2277 1393 2345 Datum
1407 2278 1523 2344 Romae

270 2391 319 2459 die
342 2409 369 2458 r.
393 2392 550 2460 Februarii
572 2392 702 2460 mdnri
747 2393 837 2460 Anno
858 2393 958 2460 terrio.

359 2551 489 2619 Caesari
513 2589 557 2600 -
579 2553 638 2620 Pro
661 2513 940 2621 Francisohinode
961 2552 1093 2640 anmis,
1121 2553 1158 2620 de
1180 2574 1240 2640 quo
1264 2573 1355 2639 supra
1377 2553 1412 2621 in
1433 2552 1521 2638 epist.

270 2667 310 2734 ad
331 2668 403 2734 Ant
426 2668 464 2734 de
486 2667 574 2735 Iera.
598 2707 642 2716 —
664 2670 780 2737 Romae
801 2670 883 2736 xviii
906 2669 1064 2736 Februarii
1086 2669 1216 2737 mdxrri
1260 2670 1350 2737 Anno
1371 2669 1471 2736 tertio.

360 2827 503 2914 Sequitur
524 2830 614 2896 breve
642 2830 757 2915 absquo
779 2789 950 2910 titulo-in
971 2849 1030 2915 quo
1051 2830 1208 2915 promittit
1236 2830 1370 2916 pontifex
1394 2848 1426 2896 se
1447 2846 1521 2896 oon·

127 2983 129 2988 ·
269 2961 427 3012 oossurum
447 2943 546 3028 petita
567 2944 601 3010 in
623 2945 736 3013 litteris
758 2945 917 3012 oniusdam
940 2944 1063 3030 seriptis
1086 2947 1143 3012 sub
1165 2946 1288 3013 nomine
1309 2943 1434 3029 Georgii
1450 2941 1521 3010 Ser·

270 3061 378 3128 ventis
424 3059 539 3126 Romae
562 3080 607 3126 rx.
630 3060 796 3140 Februarii,
819 3062 975 3146 utsupra

359 3218 519 3286 Melobiori
528 3221 641 3306 lango.
653 3258 697 3269 -
709 3220 752 3289 Ut
766 3179 1069 3306 rmoffiegauono
1084 3239 1177 3306 qnam
1192 3223 1309 3289 obierat
1323 3221 1404 3305 apud
1419 3239 1521 3305 regom

270 3335 409 3421 Angliae.
426 3373 470 3384 -
490 3355 555 3402 xxv.
579 3337 737 3403 Februarii
758 3337 889 3404 mdxxri.
933 3337 1023 3404 Anno
1045 3337 1144 3405 tertio.

359 3496 507 3582 Fpisoopo
536 3496 676 3577 idefonsi,
706 3457 951 3585 arehiepismpo
960 3495 1171 3564 Cantauriensi
1200 3499 1232 3564 et
1254 3496 1324 3564 aliis
1352 3496 1386 3564 in
1408 3495 1521 3583 buglis

269 3610 432 3691 nobilibus,
455 3631 509 3698 pro
525 3611 640 3679 Uberto
662 3613 700 3679 de
715 3611 880 3680 Gambaris
902 3613 1012 3680 nunoio
1035 3613 1074 3678 ad
1090 3613 1257 3680 Henn'oum
1280 3632 1382 3698 regem
1405 3612 1523 3680 noviter

270 3726 375 3796 misso.
420 3726 478 3794 Die
500 3728 577 3795 xxvi
600 3728 759 3795 Februarii
780 3728 912 3796 mdxxvi

865 3899 937 3967 167.

765 4019 851 4093 Regi
874 4019 1033 4092 Anglrae.

359 4127 531 4196 (bariesime.
575 4127 753 4196 Coniunctio
775 4131 882 4195 nostra
905 4147 981 4213 quae
1012 4129 1135 4213 magnis
1163 4128 1274 4194 offioiie
1296 4129 1376 4196 inter
1405 4147 1460 4195 nos
1483 4126 1523 4193 ad

270 4263 424 4314 summm
446 4243 684 4311 benivolentiam
698 4247 839 4311 mutuam
861 4242 1045 4328 iampridem
1059 4243 1205 4329 perducta
1227 4245 1283 4324 est
1305 4262 1361 4311 nos
1383 4243 1466 4329 oogit
1489 4247 1524 4310 ut

364 4395 381 4452 't
399 4397 443 4447 flio
454 4398 567 4455 quaedam
585 4397 691 4446 addenda
704 4399 804 4446 fumeae
821 4401 890 4446 eraut
901 4411 960 4456 quas
972 4400 1056 4446 notata
1074 4399 1097 4445 tn
1117 4403 1185 4458 parte
1204 4397 1309 4446 interiori
1328 4397 1385 4456 toln,
1402 4411 1453 4445 oum
1472 4397 1524 4459 ipsa

269 4499 338 4564 parte
356 4497 484 4557 postuma.
1259 4515 1266 4520 -
