3396 5090
755 358 999 429 ..ppp..

248 557 420 626 casianibus
450 575 552 622 renum
575 574 666 642 quam
690 571 778 622 suam
801 552 942 639 apposuit
964 551 1003 620 ad
1031 550 1196 639 placandas
1218 571 1267 620 ros
1289 549 1502 618 auctoritatem

248 692 317 740 eam
339 673 415 739 uelit
443 669 566 738 laudam
589 673 619 736 et
641 669 732 737 decus
755 669 904 755 perfectae
926 668 971 736 rei
993 668 1126 754 optimae
1155 667 1305 747 obtinere,
1329 666 1503 751 instarcquc

248 791 316 856 tum
339 786 419 874 apud
442 785 602 854 Gaesarem
632 787 700 852 tum
723 784 804 872 apud
826 784 903 852 alios
926 803 1032 851 omnes
1062 784 1172 870 quibus
1200 785 1254 849 tua
1277 783 1418 849 uoluntas
1446 800 1502 866 pro

249 903 452 989 amplitudine
481 903 512 970 et
540 900 674 968 nominis
696 902 728 968 et
750 901 873 967 virtutis
896 903 967 968 tuae
989 899 1174 986 gravissima
1202 899 1258 978 est
1282 895 1501 982 utaliquando

249 1018 375 1087 tandem
398 1020 510 1085 misera
540 1018 571 1083 et
593 1017 707 1083 afflicta
730 1015 942 1083 christianitas
973 1036 1009 1084 cx
1031 1015 1127 1082 tauhs
1158 1013 1297 1081 cladibus
1319 1015 1351 1081 at
1373 1012 1502 1080 calami·

249 1136 366 1203 tatibus
389 1154 465 1220 quas
487 1151 630 1218 perpessa
652 1134 700 1200 est
722 1133 880 1200 recreetur.
926 1130 1014 1212 Quod
1035 1131 1160 1217 quidem
1181 1149 1287 1198 omnes
1309 1131 1375 1196 mm
1389 1146 1503 1214 magno

250 1253 371 1319 auctore
392 1249 503 1317 moniti
525 1268 560 1316 eo
575 1247 745 1315 accuratius
768 1248 889 1329 facient
912 1266 971 1333 quo
985 1248 1191 1315 intellexerint
1212 1245 1354 1313 eumdem
1376 1247 1406 1310 te
1430 1264 1502 1311 sua·

251 1386 351 1434 sorem
365 1366 458 1452 pacis,
481 1365 509 1431 si
524 1383 610 1431 arma
626 1366 748 1450 sumpta
764 1363 884 1445 luerint
907 1363 983 1430 iuris
999 1363 1094 1430 etiam
1112 1365 1143 1430 et
1165 1361 1329 1448 aequitatis
1354 1361 1503 1427 arbitrum

250 1483 313 1551 fore
336 1484 368 1549 et
388 1481 528 1549 iudicem
573 1481 620 1547 De
642 1481 692 1546 his
709 1479 801 1547 scribi
824 1479 1038 1547 mandavimus
1054 1479 1092 1546 ad
1115 1479 1168 1546 dil
1191 1478 1290 1545 lilium
1307 1476 1503 1544 Melchiorem

251 1601 392 1684 Longum
421 1595 566 1666 nuncium
597 1598 736 1662 nostmm
768 1598 801 1662 ut
823 1597 924 1662 tecum
947 1599 1050 1663 nostro
1080 1595 1202 1662 nomine
1225 1596 1307 1679 agat
1336 1594 1384 1659 cui
1408 1598 1504 1658 ser.2⁸⁸

251 1717 305 1780 tua
333 1713 427 1779 fidem
455 1713 591 1779 habebit.
642 1712 758 1777 Datum
788 1712 904 1778 Musae
933 1713 988 1780 etc.
1019 1710 1068 1777 die
1098 1711 1155 1776 xix.
1185 1708 1362 1776 Decembris
1384 1707 1503 1774 mdxrv.

251 1830 340 1895 huno
362 1827 462 1896 tertio.

845 2088 919 2155 156.

595 2255 701 2315 Matri
723 2257 830 2328 Regis
853 2253 1155 2315 OErrlstlanlsslml.

343 2410 464 2476 Dilecta
485 2409 519 2476 in
542 2407 663 2475 Christo
685 2407 758 2483 filia.
803 2407 935 2475 Nostros
957 2410 1116 2494 perpetuos
1140 2409 1237 2474 animi
1258 2409 1385 2488 labores,
1417 2407 1504 2474 solli-

254 2525 462 2610 citudinesque
486 2543 546 2604 aas,
570 2544 645 2609 quas
659 2543 714 2610 pro
737 2523 852 2590 afflicta
875 2527 906 2590 et
929 2525 1040 2591 misera
1059 2524 1284 2592 christianitate
1307 2522 1469 2609 aliquando
1487 2541 1506 2589 a

253 2642 350 2708 tantis
372 2640 601 2708 calamitatibus
623 2639 780 2707 liberanda
804 2640 996 2725 suscipimus,
1025 2661 1085 2708 non
1115 2642 1292 2708 desistimus
1322 2641 1506 2721 condonare,

254 2757 396 2843 omnique
418 2756 519 2823 studio
541 2757 609 2836 niti,
633 2759 666 2822 ut
681 2757 813 2822 multum
836 2758 1005 2842 perniciosa
1027 2759 1059 2825 et
1072 2757 1217 2824 diuturna
1239 2778 1324 2824 arma
1347 2757 1384 2825 ad
1399 2776 1507 2842 pacem

253 2872 416 2959 aliquando
438 2874 470 2939 et
485 2871 741 2957 tranquillitatem
757 2875 977 2940 convertamus.
1023 2873 1158 2959 Cumque
1172 2892 1230 2959 par
1245 2892 1316 2941 vera
1331 2891 1391 2940 non
1410 2871 1508 2957 possit

253 2989 360 3056 confici
383 2989 445 3055 uisi
467 2990 499 3055 et
520 3008 568 3055 ree
591 2987 701 3055 ltaliae
725 2987 847 3056 sedatae
870 2989 984 3056 fuermt
1005 2990 1038 3057 et
1060 2989 1235 3056 charissimi
1256 2989 1290 3055 io
1312 2987 1428 3055 Christi
1449 2987 1507 3054 lilii

254 3105 352 3172 nostri
368 3103 449 3190 regis
464 3104 716 3170 christianissimi
732 3104 799 3170 nati
814 3105 860 3171 tui
876 3105 1003 3172 libertas
1018 3107 1227 3191 consequatur,
1249 3107 1412 3190 utrumque
1426 3103 1507 3189 apud

254 3219 413 3288 Gaesarem
436 3221 524 3288 nobis
540 3219 732 3286 tractandum
756 3221 954 3306 suscepimus,
978 3241 1062 3306 spem
1078 3219 1294 3306 propemodum
1317 3222 1431 3287 cartam
1447 3221 1506 3286 ha·

254 3337 360 3404 bentes
382 3337 416 3403 in
430 3335 563 3402 Domino
578 3335 643 3402 Deo
665 3337 696 3401 et
718 3336 751 3402 in
773 3335 870 3421 ipsius
889 3337 1025 3404 bonitate
1041 3333 1187 3416 Caesaris,
1209 3337 1295 3402 cuius
1310 3337 1404 3403 etiam
1420 3354 1507 3402 mens

255 3452 295 3520 ad
315 3453 401 3537 pacis
424 3451 526 3519 studia
548 3471 698 3537 propensa
721 3451 839 3519 uidetur
861 3472 936 3534 esse,
958 3455 1121 3537 utrumque
1144 3453 1232 3519 nobis
1255 3451 1413 3518 eductum
1437 3471 1506 3520 suc·

253 3587 417 3636 cessurum.
469 3567 577 3653 Itaque
607 3587 678 3634 cum
706 3567 756 3634 his
788 3567 894 3635 diebus
926 3569 1042 3635 venant
1071 3567 1110 3635 ad
1142 3589 1197 3636 uos
1226 3569 1341 3634 missus
1373 3568 1412 3634 ab
1440 3567 1508 3653 ipso

254 3681 381 3750 Caesam
410 3682 463 3750 dil.
486 3683 529 3749 fil.
553 3683 779 3751 commendator
802 3684 939 3764 Herrera,
961 3685 1052 3750 homo
1083 3683 1163 3751 sicut
1190 3685 1346 3771 potuimus
1376 3683 1509 3750 iudicare

254 3799 286 3866 et
324 3800 436 3884 probus
481 3801 512 3866 et
549 3799 696 3884 prudens,
741 3801 773 3866 et
809 3799 846 3866 de
884 3801 1002 3885 optima
1038 3801 1136 3885 ipsius
1174 3798 1313 3866 (laesuris
1353 3800 1508 3866 uoluntate

254 3933 328 4000 erga
349 3933 542 3982 communem
564 3934 670 4001 pacem
692 3933 749 3982 nos
771 3917 913 3982 certiores
936 3915 1109 3996 reddiderit,
1132 3917 1233 3983 visum
1257 3917 1316 3982 luit
1337 3916 1427 3983 nobis
1449 3934 1509 3983 nou

254 4030 496 4116 praetermittere
525 4031 714 4098 occasionem
743 4031 830 4111 hanc,
853 4034 885 4098 et
907 4031 1057 4098 sciscitari
1080 4032 1191 4099 melius
1214 4035 1349 4099 urentem
1371 4031 1509 4099 Caesaris

254 4146 428 4231 hortarique
450 4166 520 4214 eum
544 4149 578 4213 ut
599 4147 658 4213 Dei
680 4148 712 4213 et
734 4147 918 4215 christianae
943 4148 1013 4215 fidei
1036 4151 1067 4214 et
1090 4147 1138 4214 sui
1159 4149 1283 4215 honoris
1313 4168 1404 4215 causa
1426 4148 1509 4228 velit

254 4263 286 4329 et
307 4261 340 4328 in
369 4261 480 4328 ducatu
510 4261 676 4329 Mediolani
707 4263 778 4330 duci
806 4263 1002 4349 relinquendo
1032 4267 1063 4330 et
1091 4265 1124 4330 in
1153 4263 1410 4331 christianissimo
1439 4283 1510 4350 rega

254 4377 392 4445 honestis
421 4377 644 4446 conditionibus
667 4379 833 4460 hberando‚
856 4380 1012 4446 consulere
1034 4380 1149 4464 gloriae
1172 4399 1244 4447 suae
1268 4382 1300 4448 et
1323 4380 1415 4446 saluti
1437 4379 1509 4446 uni·

257 4513 358 4561 romae
373 4493 619 4563 christianitatis.
665 4491 753 4577 Quod
767 4496 862 4565 etiam
877 4495 991 4564 litteris
1012 4515 1107 4564 manu
1122 4499 1227 4564 nostra
1250 4477 1371 4584 propria
1385 4496 1426 4564 ad
1439 4515 1511 4565 eum
