3346 5084
658 416 814 489 -463
859 455 903 470 -

152 610 330 699 principalis
360 611 414 681 sui
434 635 551 682 necnon
580 619 701 701 petente
729 619 847 702 copiam
934 669 940 683 .
964 669 971 683 .
995 668 1002 684 .
1025 617 1230 701 productionis
1253 619 1404 687 dictarum

152 732 336 796 asserturum
359 730 521 798 bullarum.

241 846 385 913 Presente
414 847 531 931 prolatu
554 848 582 914 d.
605 849 724 916 Joanne
753 849 844 915 Petro
867 849 1003 916 Ferretto
1032 851 1222 932 procuratore
1251 850 1403 918 submoto

152 964 183 1027 et
205 962 322 1046 prefata
344 964 519 1046 acceptante
540 965 574 1029 in
595 966 682 1049 perte
704 967 735 1032 et
756 964 895 1049 partibus
916 965 952 1030 in
973 964 1044 1030 aliis
1059 965 1195 1044 minime,
1219 968 1250 1031 et
1272 969 1403 1052 negante
1545 1017 1550 1025 -

152 1097 185 1142 se
207 1079 304 1144 teneri
327 1079 416 1145 aliter
439 1079 477 1144 ad
499 1078 723 1160 declarandum,
753 1099 793 1145 an
814 1080 907 1145 vellet
930 1079 1027 1145 dictas
1051 1080 1216 1163 scripturas
1239 1082 1403 1165 exemplari

152 1192 249 1259 facere
271 1195 320 1259 rel
343 1193 505 1279 originalia
526 1195 736 1261 transmittere
766 1215 881 1262 necnon
903 1196 1024 1279 petente
1055 1197 1170 1261 moneri
1199 1197 1351 1280 prelatum
1374 1197 1402 1265 d.

151 1307 315 1375 Nicolaum
338 1312 489 1376 assertum
505 1313 728 1393 procuratorem
751 1312 904 1395 prefatum
918 1329 972 1394 pro
988 1312 1069 1376 certa
1083 1311 1159 1377 bora
1174 1311 1403 1378 determinanda

151 1425 209 1490 boc
223 1424 359 1507 presenti
380 1425 428 1492 die
443 1425 482 1490 ad
497 1425 660 1492 videndum
675 1427 866 1510 pronuntiari
889 1427 919 1493 ct
934 1424 1082 1492 declarari
1099 1425 1180 1492 diota
1198 1428 1404 1512 tramsumpta

151 1541 183 1605 et
205 1542 343 1625 exempla
365 1540 460 1607 fuisse
482 1543 513 1607 et
535 1560 602 1608 esse
624 1542 797 1608 auscultata
819 1544 851 1608 et
873 1541 1069 1608 oobationata
1091 1560 1161 1606 cum
1184 1541 1275 1608 dictis
1298 1561 1402 1609 earum

150 1657 183 1721 et
205 1675 258 1722 seu
280 1675 385 1724 eorum
407 1655 617 1741 originalibus,
639 1659 671 1723 et
692 1657 816 1724 inventa
831 1657 926 1723 faisse
949 1655 1123 1724 concordari
1144 1675 1198 1740 per
1212 1657 1309 1724 dictos
1332 1677 1401 1724 ma-

151 1771 298 1856 gnificum
328 1770 356 1836 d.
379 1773 563 1856 potestatem
589 1775 621 1839 et
637 1772 888 1840 commissarium
918 1771 1096 1856 deputatum
1119 1773 1154 1837 ut
1177 1792 1269 1856 supra
1297 1775 1328 1839 et
1349 1793 1402 1858 per

150 1905 201 1952 me
223 1887 375 1953 notarium
390 1886 620 1971 infrascriptum
643 1891 674 1955 ct
696 1887 735 1954 ad
750 1886 914 1955 ridendum
935 1859 1127 1972 pronirntiari
1149 1889 1180 1955 et
1202 1886 1349 1954 declarari
1365 1888 1403 1954 de

152 2002 249 2068 cetero
272 2003 303 2069 et
324 2002 357 2068 in
387 2005 566 2088 perpetuum
596 2003 688 2070 fidem
717 2004 886 2088 plenariam
909 2004 940 2068 et
961 2001 1168 2069 indubitatam
1197 2003 1400 2072 adhibendam

151 2135 218 2184 esse
241 2117 331 2184 dictis
354 2118 500 2203 exemplis
523 2119 556 2185 in
585 2119 697 2185 iudicio
719 2121 751 2186 et
773 2121 857 2186 extra
887 2118 967 2185 sicut
988 2118 1119 2203 propriis
1142 2120 1173 2185 et
1194 2119 1275 2185 veris
1304 2119 1400 2204 origi·

150 2233 273 2299 nalibns
288 2234 352 2300 suis
372 2253 488 2300 necnon
503 2235 714 2302 auctoritatem
730 2237 762 2302 et
776 2235 930 2302 decretum
945 2234 1059 2319 pariter
1073 2211 1225 2318 interponi
1247 2235 1358 2319 prefati
1373 2234 1401 2302 d.

150 2349 353 2415 commissarii
370 2368 405 2415 ac
420 2351 515 2416 etiam
529 2369 667 2416 cesareae
681 2351 854 2416 maiestatis
869 2353 900 2417 et
919 2351 1004 2417 omni
1025 2351 1086 2416 alio
1101 2351 1221 2418 meliori
1242 2351 1331 2419 modo
1346 2353 1402 2418 etc.

240 2463 385 2531 Prosente
400 2466 483 2532 dioto
505 2465 628 2534 domino
643 2465 771 2533 Nicolao
793 2468 825 2532 et
846 2465 973 2551 prefatis
995 2485 1056 2533 nou
1071 2467 1278 2534 consentiente
1300 2469 1332 2534 et
1346 2487 1401 2534 ne·

150 2581 243 2665 ganta
266 2580 364 2647 dotas
386 2582 488 2665 copias
504 2581 599 2648 luisse
621 2583 831 2665 transumptus
854 2582 885 2647 et
899 2582 1086 2665 exemplatas
1109 2600 1178 2648 cum
1201 2581 1402 2667 originalibus

149 2696 353 2780 transumptis
368 2715 403 2762 ex
418 2697 620 2783 originalibus
635 2697 773 2782 legitime
788 2695 879 2763 factis
894 2697 1031 2781 quinimo
1051 2697 1152 2763 solum
1166 2697 1261 2765 brisso
1277 2700 1400 2765 auscul-

149 2812 231 2877 tatas
247 2830 315 2878 cum
331 2813 426 2896 copiis
441 2815 476 2879 ut
491 2832 527 2879 ex
546 2813 733 2898 inspectione
747 2813 883 2896 ipsamm
898 2810 1053 2896 copiarum
1069 2815 1202 2896 apparet
1225 2813 1402 2899 dimntaque

149 2927 302 3012 prelatum
324 2948 347 2996 r.
370 2928 399 2994 d.
422 2931 646 3013 procuratorem
668 2929 765 2996 teneri
786 2931 818 2996 et
840 2928 1010 3013 obligatum
1033 2947 1100 2995 esse
1122 2928 1221 2995 dcere
1244 2931 1275 2996 et
1297 2930 1399 2998 decla·

149 3061 217 3110 rare
238 3045 343 3110 utrum
357 3043 497 3110 intendat
518 3046 654 3129 presenti
676 3044 724 3112 die
746 3045 912 3129 exemplari
927 3045 1024 3112 faeere
1046 3045 1096 3111 vel
1110 3063 1156 3125 ne,
1179 3045 1251 3129 quia
1273 3047 1327 3112 ubi
1348 3048 1399 3112 in-

148 3159 249 3226 tendit
269 3160 434 3244 exemplari
460 3160 557 3228 faeere
580 3162 647 3227 vult
675 3180 742 3228 esse
764 3180 889 3245 presens
912 3161 1014 3228 ridere
1042 3160 1147 3226 audire
1169 3162 1201 3227 et
1228 3161 1400 3246 intelligere

149 3274 230 3341 dicto
252 3277 388 3359 exemplo
418 3276 463 3342 sic
490 3277 589 3344 fiendo
611 3277 649 3343 de
671 3277 762 3344 dictis
792 3277 886 3343 bullis
909 3278 940 3342 et
968 3276 1182 3342 instrumentis
1209 3278 1241 3343 et
1263 3277 1290 3342 si
1313 3296 1399 3360 secus

149 3390 265 3457 factum
287 3391 379 3457 luerit
400 3393 588 3476 protestante
610 3393 648 3460 de
670 3393 813 3460 nullitate
835 3392 920 3459 omni
942 3391 1062 3458 meliori
1084 3389 1173 3458 modo
1196 3393 1252 3458 etc.

238 3502 298 3585 Qui
320 3507 503 3592 magnificus
525 3508 553 3574 d.
582 3510 719 3593 potestas
749 3511 780 3575 et
802 3508 1030 3574 commissarius
1061 3506 1168 3574 sedens
1197 3509 1252 3574 etc.
1282 3509 1400 3592 prelata

148 3621 276 3688 admisit
298 3622 326 3687 si
348 3624 380 3688 et
400 3622 433 3687 in
456 3624 613 3707 quantum,
642 3625 674 3691 et
695 3624 772 3690 visis
794 3625 826 3690 et
847 3623 960 3690 auditis
983 3623 1110 3709 prefatis
1138 3624 1259 3691 monuit
1281 3627 1399 3708 partem
1481 3657 1486 3664 ·

148 3738 221 3804 binc
242 3737 313 3804 inde
334 3757 389 3822 pro
403 3739 490 3822 parte
512 3738 561 3805 die
576 3739 651 3805 hora
672 3739 754 3806 xxiii.
770 3741 801 3806 et
823 3740 943 3806 monuit
963 3740 1067 3823 ipsum
1089 3739 1117 3805 d.
1134 3738 1295 3806 Nicolaum
1318 3740 1400 3806 dicto

147 3853 271 3920 nomina
293 3853 333 3919 ad
354 3853 598 3920 interessendum
620 3854 767 3922 hodierna
789 3855 838 3920 die
860 3857 929 3939 post
958 3854 1121 3939 prandium
1143 3855 1345 3922 incontinenti
1366 3856 1399 3923 iu

147 3967 238 4036 domo
267 3968 384 4036 domini
411 3969 588 4055 Aquilantis
617 3971 763 4038 submoti
793 3970 979 4037 incivitate
1008 3971 1170 4038 &vennae
1199 3970 1232 4036 in
1261 3973 1400 4039 contrata

147 4087 247 4151 sancti
269 4083 395 4172 Georgii
417 4085 456 4151 ad
470 4087 635 4153 ridendum
657 4087 757 4153 iurare
780 4086 897 4153 dictum
919 4085 947 4152 d.
963 4085 1161 4171 Aquitaniam
1183 4089 1215 4153 et
1237 4086 1276 4152 sd
1290 4087 1399 4154 viden·

147 4201 222 4266 dum
244 4201 342 4268 dicim
366 4203 533 4288 scripturas
555 4205 730 4288 recognosci
751 4205 783 4269 et
805 4203 867 4269 alia
888 4201 1035 4287 producta
1055 4221 1109 4287 pro
1131 4206 1218 4287 parte
1241 4223 1264 4269 s.
1283 4204 1401 4270 domini

146 4319 245 4384 nostri
267 4320 302 4384 ut
325 4338 417 4403 supra
437 4319 569 4404 petitum
592 4320 640 4387 est
662 4322 693 4386 et
716 4320 881 4386 terminum
910 4318 1020 4385 statuit
1042 4321 1171 4403 quatuor
1192 4320 1336 4386 horarum
1359 4319 1399 4385 ad

145 4434 383 4519 presentandum
406 4435 648 4520 interrogatoria,
672 4436 791 4521 siquae
814 4435 885 4502 dare
900 4436 949 4502 vel
971 4434 1068 4502 faeere
1089 4435 1222 4502 intendit
1243 4453 1297 4518 pro
1312 4439 1399 4521 parte

144 4549 191 4618 ill.
214 4549 331 4620 domiui
354 4550 439 4618 ducis
462 4551 616 4619 Ferrariae
638 4554 725 4620 tenor
747 4553 850 4620 autem
873 4551 1075 4638 capitulorum
1098 4551 1214 4619 erbibit
1236 4571 1290 4638 pro
1312 4554 1398 4642 parte
