3396 5090
673 341 918 408 -197-

169 533 223 602 dil
245 531 310 602 uilio
330 534 428 602 nobili
457 533 522 602 viro
544 534 618 602 duco
642 533 771 602 Suessae
800 535 917 604 oratore
945 537 999 604 tuo
1020 535 1124 616 locuti,
1152 536 1205 622 qni
1227 536 1267 604 ad
1289 538 1320 604 te
1347 555 1418 622 per-

168 651 283 718 scribit
329 649 427 732 Quem
449 650 559 731 virum,
581 651 627 718 fili
650 651 815 733 carissime,
839 671 906 718 vere
928 651 1063 737 quotidie
1085 652 1187 738 magis
1209 651 1419 738 cognoscimus

168 768 200 835 et
221 766 370 835 fidelitate
391 767 424 834 et
437 765 599 852 pmdentiu
620 768 766 836 inservire
780 767 895 853 gloriae
917 769 949 835 et
963 767 1160 852 amplitudini
1182 771 1260 849 tuae,
1283 769 1336 855 qui
1349 787 1419 835 cum

167 901 309 968 praeseus
332 883 432 950 multa
445 882 609 968 intelligat
631 903 709 969 quse
731 904 792 951 non
807 887 872 951 tam
894 884 984 951 facile
1001 885 1143 952 absentes
1158 883 1260 952 uidere
1282 886 1419 971 possunt

168 998 213 1065 ita
233 999 385 1084 temperat
413 999 548 1066 bubones
572 1017 653 1080 suos,
682 1003 717 1067 ut
738 1019 795 1067 nos
817 1002 919 1068 tecum
947 999 1101 1068 coniuncti
1122 1002 1154 1068 at
1175 1000 1313 1068 amicitia
1335 1000 1420 1068 omni

167 1115 325 1182 constricti
346 1116 490 1201 perpetio
504 1133 692 1184 maneamus.
737 1117 855 1184 Datum
877 1117 992 1185 Romae
1007 1119 1062 1184 etc
1085 1117 1135 1184 die
1149 1116 1223 1184 xiiii.
1239 1116 1418 1186 Decembris

166 1229 285 1299 mdnv.
329 1229 419 1298 Auno
440 1231 541 1301 tertio.

759 1412 831 1480 152.

501 1558 590 1620 Duci
613 1559 846 1620 venetiarum
869 1565 905 1620 et
927 1561 1083 1621 Senatui.

254 1696 368 1763 Dileoti
389 1695 449 1763 tilii
471 1695 603 1762 saluom
625 1697 682 1762 eto.
727 1695 796 1762 litei
818 1715 910 1762 causa
932 1697 1103 1763 exterorum
1124 1697 1298 1764 eternium
1322 1695 1416 1764 Pata-

167 1815 305 1879 vinorum
328 1812 416 1879 nobis
439 1829 528 1896 saepe
549 1814 605 1892 est,
628 1831 682 1897 per
704 1829 823 1880 seremun
840 1810 998 1880 Caesarem
1022 1811 1241 1892 commendata,
1264 1811 1343 1898 quod
1365 1812 1419 1880 ille

166 1929 300 1996 osticium
322 1927 403 2014 epud
425 1947 481 1995 nos
495 1928 687 2012 interposuit,
710 1947 770 1994 non
787 1929 886 1994 solum
908 1947 962 2012 per
986 1928 1114 2007 litteras,
1138 1927 1191 1994 sed
1213 1947 1265 2012 per
1284 1929 1417 1995 oratores

164 2045 258 2112 etiam
281 2062 352 2110 suos
374 2044 406 2111 et
426 2044 585 2129 praecipue
600 2045 646 2111 bo.
665 2063 723 2110 me.
746 2043 914 2110 Dominum
936 2043 973 2109 de
996 2043 1125 2123 Roseus
1148 2046 1252 2111 temen
1273 2045 1309 2109 ut
1330 2043 1417 2112 illam

164 2161 294 2228 libenter
324 2160 526 2246 suscipiamus
555 2179 718 2244 eorumque
747 2159 951 2227 incolumitati
982 2163 1013 2226 et
1035 2161 1223 2228 restitutioni
1252 2160 1417 2241 faveamus,

165 2295 226 2344 non
248 2278 371 2344 tantum
393 2275 540 2357 Caesaris,
571 2275 624 2343 sed
646 2276 742 2343 uestri
770 2276 865 2342 etiam
894 2276 1017 2342 honoris
1041 2278 1072 2342 et
1100 2275 1233 2343 nominis
1263 2278 1417 2361 respectus

165 2411 221 2461 nos
241 2393 383 2478 impellit
406 2411 477 2460 cum
500 2395 619 2477 praetor
642 2411 734 2477 quem
756 2392 837 2476 quod
860 2411 965 2458 sumus
989 2391 1028 2457 ad
1050 2393 1273 2477 benignitatem
1296 2411 1331 2458 ao
1354 2393 1415 2459 mi-

166 2508 361 2576 sericordiam
390 2509 421 2576 et
450 2511 560 2575 natura
589 2509 620 2574 et
650 2507 750 2574 studio
778 2509 935 2593 propensi,
965 2510 1082 2576 vestrae
1108 2528 1226 2593 quoque
1254 2507 1417 2594 gravitatis

164 2627 196 2692 ct
218 2625 410 2693 auctoritatis
431 2624 678 2711 magnitudinem
700 2624 758 2692 bac
780 2625 875 2692 etiam
896 2625 985 2692 laude
1001 2626 1180 2692 clementiae
1201 2626 1233 2691 et
1254 2624 1415 2709 placabili-

163 2742 239 2809 tatis
262 2745 384 2809 auctam
405 2759 474 2808 esse
495 2740 663 2826 cupiamus
707 2740 753 2806 bc
776 2739 804 2806 si
818 2740 966 2808 vellemus
988 2759 1069 2808 nuno
1089 2740 1190 2826 prima
1207 2759 1343 2826 quaeque
1364 2761 1413 2806 re·

162 2859 265 2944 petere
286 2858 318 2925 et
339 2857 389 2925 vel
410 2873 552 2925 excusme
565 2855 675 2922 borum
698 2855 820 2922 exulum
841 2855 966 2937 metum,
988 2855 1204 2941 propterquod
1224 2855 1259 2922 in
1280 2857 1413 2922 vestram

162 2973 352 3042 uacundiam
380 2973 553 3040 inciderunt
581 2973 630 3039 rel
653 2991 756 3039 eorum
785 2971 1023 3058 imprudentiae,
1053 2973 1081 3039 si
1103 2971 1180 3040 forte
1208 2971 1414 3058 imprudentia

162 3089 244 3175 lapsi
265 3089 352 3171 sunt,
381 3089 504 3155 reniam
525 3107 544 3155 a
565 3087 651 3154 vobis
680 3089 797 3172 petere,
827 3088 926 3154 multa
948 3088 1036 3154 nobis
1066 3090 1170 3155 essent
1198 3087 1360 3173 alleganda
1383 3090 1414 3156 et

161 3203 433 3282 commemoranda,
456 3204 569 3288 partim
591 3205 665 3270 nota
679 3203 774 3284 vobis,
795 3204 910 3288 purtim
925 3222 984 3270 non
1008 3204 1185 3284 necessaria,
1208 3223 1267 3289 quo
1289 3204 1412 3290 quidem

159 3337 242 3388 nuno
263 3319 488 3406 supersedimus
509 3319 621 3386 labore.
666 3317 734 3396 Sed,
756 3318 837 3404 quod
858 3322 906 3386 est
928 3319 1050 3386 anobis
1065 3323 1223 3404 susceptae
1244 3319 1413 3405 praesentis

159 3435 430 3504 commendationis
454 3435 596 3514 officium,
619 3436 706 3502 cnm
720 3434 914 3502 nobilitatem
936 3452 972 3501 ac
995 3435 1169 3502 devotiones
1194 3438 1311 3504 vernes
1337 3436 1408 3519 plu-

160 3553 275 3620 rimam
304 3551 338 3618 in
359 3551 493 3620 Domino
521 3552 694 3629 hortamur,
723 3551 758 3615 ut
786 3551 856 3634 post
884 3550 991 3616 borum
1023 3551 1205 3618 miserorum
1233 3550 1411 3618 diuturnam

160 3669 378 3748 calamitatem,
400 3685 477 3753 quae
492 3668 573 3734 corte
587 3685 658 3732 oum
673 3665 781 3732 multis
803 3666 1015 3733 innocentibus
1033 3667 1257 3734 communicate
1271 3668 1327 3747 est,
1350 3666 1408 3733 ali·

160 3784 280 3871 quando
310 3783 412 3850 delabi
433 3782 472 3848 ad
494 3781 681 3866 aequitatem
709 3780 807 3848 animi
827 3783 859 3850 et
881 3781 921 3847 ad
941 3782 1181 3850 misericordiam
1210 3783 1275 3850 illis
1296 3782 1409 3867 implo-

159 3899 287 3968 randum
309 3899 426 3974 velitis3
449 3918 545 3984 neque
569 3898 668 3964 solum
690 3897 754 3963 illis
777 3898 918 3981 patriam,
941 3897 1021 3982 quod
1042 3899 1265 3965 humanissime
1286 3897 1411 3978 fecistis,

160 4015 214 4084 sed
240 4017 320 4083 bona
348 4015 443 4082 etiam
471 4013 570 4100 patria
597 4015 629 4080 et
650 4015 784 4080 retorem
812 4013 1035 4097 possessionem
1065 4015 1255 4081 fortunsmm
1285 4032 1410 4081 suarum

158 4132 333 4210 restituere;
356 4131 394 4198 de
415 4148 476 4215 que
496 4130 562 4196 tota
585 4127 777 4195 restitutione
799 4129 948 4213 quomodo
970 4131 1040 4213 apte
1062 4129 1128 4197 lieri
1150 4133 1181 4197 et
1202 4131 1313 4216 quibus
1336 4149 1408 4197 con·

158 4248 327 4316 ditionibus
342 4246 449 4333 possit,
471 4245 634 4312 scribimus
650 4243 773 4330 quidem
795 4243 834 4310 od
849 4245 993 4312 nuncium
1009 4245 1102 4312 isthic
1116 4249 1255 4314 uestrum
1278 4250 1313 4314 ut
1327 4250 1409 4333 agat,

159 4365 328 4449 troctetque
357 4362 530 4438 uobiscum
552 4379 629 4446 quae
658 4359 758 4428 omnis
789 4377 861 4426 sane
890 4381 938 4427 res
961 4363 996 4428 ut
1018 4362 1210 4442 arbitramur,
1239 4363 1409 4431 minimae

156 4480 289 4567 publicis
310 4478 421 4548 vestris
451 4477 619 4548 commodis
642 4477 865 4546 electionibus
888 4476 987 4546 aliem
1010 4497 1092 4560 esse,
1121 4480 1175 4546 aut
1203 4479 1327 4547 omnino
1350 4482 1406 4549 ab·
