3366 5084
695 331 917 418 ..33-

782 599 833 663 24.

695 763 923 822 Eboracensi.

269 924 387 990 11116616
410 925 456 990 lili
478 927 587 990 noster.
634 921 736 1004 Quum
759 925 875 1008 aliquot
899 924 962 989 suis
985 924 1099 989 litteris
1129 925 1358 1008 circumspectio
1381 925 1435 990 tua

183 1041 285 1104 nostra
308 1059 381 1124 erga
403 1042 434 1105 te
456 1041 556 1106 officia
578 1042 804 1119 commemorat,
826 1039 858 1104 id
881 1041 944 1104 iam
967 1059 985 1104 a
1008 1041 1112 1105 nostra
1135 1040 1344 1106 coniunctione
1367 1059 1434 1106 osse

184 1154 318 1220 ahenum
341 1155 445 1231 dcbot;
470 1175 575 1222 sumus
599 1156 681 1221 enim
704 1156 822 1238 ergata
847 1155 937 1220 sicuti
953 1174 1072 1238 semper
1094 1155 1209 1221 fuimus
1224 1158 1256 1220 61
1277 1157 1434 1220 uoluntate

185 1269 295 1334 srhnia
324 1270 457 1353 quedam
487 1271 629 1354 propensi
658 1273 689 1335 61
718 1271 935 1336 benevolentia.
983 1269 1070 1350 Quod
1100 1291 1169 1336 vero
1199 1271 1336 1336 eiusdem
1366 1272 1436 1336 tuac

185 1385 463 1468 circumspectionis
493 1405 583 1469 opera
612 1386 741 1452 dilectus
771 1385 854 1450 filins
877 1387 1058 1452 Laurentius
1081 1387 1110 1451 J.
1152 1388 1223 1470 (sic)
1264 1387 1303 1452 ad
1327 1385 1433 1452 Saros·

184 1500 356 1567 buriensem
379 1503 538 1567 ecclesiam
561 1504 599 1568 ab
623 1502 683 1567 isto
708 1501 901 1568 serenissimo
917 1522 988 1586 rege
1002 1502 1091 1568 nobis
1118 1502 1177 1596 luit
1199 1502 1439 1582 commendatus,

185 1615 215 1680 id
231 1618 262 1682 61
276 1618 364 1682 nobis
380 1637 562 1702 magnopere
578 1620 701 1702 gratum
716 1621 748 1683 61
762 1618 820 1683 1111
843 1617 975 1700 profacto
994 1618 1053 1683 fuit
1068 1617 1282 1694 honorificum3
1306 1618 1435 1702 dignum

183 1734 265 1798 anim
288 1734 319 1798 61
347 1735 554 1817 praestantem
577 1737 608 1800 ot
630 1733 714 1799 omni
737 1735 850 1800 virtute
880 1734 1052 1817 praeditum
1082 1733 1267 1799 cardinalem
1296 1734 1353 1799 hoc
1381 1736 1434 1798 tuo

184 1849 334 1933 singulari
356 1849 501 1915 beneficio
531 1849 589 1914 tibi
612 1851 847 1933 inperpetuum
870 1850 1064 1916 coniunctum
1088 1849 1255 1926 reddidisti,
1279 1849 1332 1932 qui
1355 1851 1435 1914 certe

184 1965 220 2029 de
243 1966 274 2030 16
296 1985 415 2049 sempor
437 1966 564 2032 meritus
587 1969 643 2044 est,
666 1967 697 2031 et
720 1984 821 2031 amore
845 1967 875 2030 et
897 1965 1099 2044 observantia,
1123 1968 1158 2030 61
1176 1967 1271 2032 talem
1294 1966 1433 2030 animum

183 2099 256 2164 erga
279 2101 348 2146 eum
372 2082 554 2165 susciperes:
585 2081 803 2166 quiquoniam
826 2083 961 2146 nuncin
985 2081 1150 2147 Germania
1173 2083 1269 2158 abest,
1292 2080 1435 2146 maximis

184 2196 264 2262 sodis
294 2197 475 2280 apostolicae
504 2199 553 2263 vel
574 2196 758 2264 christianae
788 2197 889 2279 potius
920 2197 992 2262 fidei
1020 2196 1153 2280 negotiis
1177 2198 1348 2278 occupatae,
1379 2215 1434 2260 nos

184 2313 242 2377 tibi
270 2315 302 2378 61
323 2315 427 2378 nostro
456 2313 577 2378 nomine
601 2313 632 2378 et
654 2313 738 2378 illius
769 2313 888 2378 debitas
918 2313 1034 2396 gratias
1064 2312 1202 2394 agimus:
1231 2313 1331 2376 catera
1360 2329 1436 2394 quac

184 2447 264 2493 nnnc
286 2429 417 2512 agantur
439 2430 470 2493 61
493 2431 637 2512 gerantur
660 2430 750 2512 atque
773 2430 808 2493 61
831 2428 1012 2494 acerrimum
1035 2427 1068 2492 in
1090 2428 1182 2492 Italia
1198 2428 1314 2493 bellum
1334 2447 1435 2492 recru-

186 2543 294 2622 duerit
317 2543 356 2608 ad
371 2543 517 2609 dilectum
539 2545 639 2609 filium
654 2543 852 2609 Melchiorem
872 2545 1013 2628 Langurn
1036 2544 1181 2608 minoium
1204 2543 1275 2608 istic
1297 2546 1437 2608 nostrum

185 2659 305 2741 plenius
336 2659 428 2726 scribi
457 2659 671 2725 mandavimus
701 2679 770 2724 curn
800 2659 1067 2742 circumspectione
1097 2661 1150 2724 tua
1179 2659 1437 2734 communicanda

185 2773 273 2838 illam
295 2775 452 2839 hortantes
476 2775 508 2840 in
524 2775 656 2840 Domino
679 2777 710 2840 et
724 2775 809 2840 omni
832 2774 929 2839 animi
951 2775 1052 2840 studio
1068 2774 1262 2858 requirentes,
1286 2776 1321 2839 ut
1339 2793 1437 2857 quan-

187 2890 252 2953 tum
269 2889 448 2954 auctoritate
463 2893 612 2973 quantum
627 2890 788 2974 prudentia
803 2891 912 2973 potest,
929 2891 1147 2973 potestantem
1158 2889 1299 2966 maxima,
1315 2891 1437 2953 tantum

186 3005 319 3070 conferre
349 3004 387 3069 ad
417 3004 518 3070 studia
548 3005 750 3071 conficiendae
779 3005 863 3089 pacis
887 3005 969 3083 uelit,
1000 3005 1148 3089 sineque
1177 3024 1225 3069 res
1255 3003 1438 3091 christianae

189 3138 280 3203 prope
303 3120 343 3184 ad
364 3120 524 3186 interitum
547 3121 685 3187 redactae
709 3119 821 3204 sunt.¹)
868 3121 983 3185 Datum
1007 3121 1121 3186 1161666
1144 3120 1192 3185 die
1215 3118 1438 3184 1611116666-

187 3236 250 3300 bris
273 3235 421 3301 mdxxiiii.
468 3237 555 3303 Anno
580 3237 718 3303 secundo.

789 3515 840 3580 25.

232 3679 317 3751 Regi
341 3678 491 3738 scotiae.
538 3672 666 3758 (Romae
683 3671 731 3736 die
748 3675 798 3739 29.
816 3671 999 3737 Novembris
1018 3672 1111 3738 1524.
1140 3673 1229 3735 Anno
1246 3667 1398 3755 secundo).

276 3833 350 3898 NB.
384 3831 466 3898 Haec
489 3831 618 3915 epistola
640 3832 795 3915 publicata
818 3833 866 3896 est
888 3850 907 3895 a
929 3831 1060 3897 Theiner
1084 3831 1216 3916 (mma
1239 3840 1443 3894 monomenta

191 3945 659 4032 116666666666416
690 3947 743 4012 sed
765 3966 824 4031 quo
853 3948 918 4012 loco
948 3946 982 4011 in
1004 3946 1158 4011 schemate
1188 3945 1331 4029 originali
1360 3946 1445 4010 iuxta

280 4187 297 4244 ¹l
316 4187 373 4237 Post
395 4188 453 4242 11666
476 4191 546 4238 verbs
572 4191 729 4248 sequebantur
754 4191 778 4236 16
803 4190 912 4246 originali
937 4189 995 4237 haec
1020 4202 1078 4246 quse
1102 4189 1270 4249 supponimus,
1295 4189 1336 4236 sed
1365 4191 1442 4236 trans·

192 4289 272 4336 romuli
292 4287 354 4335 11666
372 4291 441 4336 amnt
458 4288 567 4343 signata:
586 4288 651 4344 ,llos
664 4289 688 4334 in
706 4288 782 4335 tantis
800 4287 909 4347 periculis
928 4288 964 4333 116
981 4289 1057 4346 patria
1075 4288 1204 4334 communis
1222 4289 1248 4335 61
1266 4287 1321 4334 1661
1339 4288 1442 4346 pastoris

193 4385 293 4434 61161661
313 4387 466 4445 praestemus,
487 4386 514 4432 61
532 4385 625 4432 tunila
643 4386 683 4442 qui
702 4397 745 4433 nos
764 4383 857 4432 trahere
875 4385 900 4431 16
912 4385 991 4442 partas
1010 4387 1097 4433 vellent
1115 4398 1160 4433 non
1179 4385 1443 4445 616666611616616666,

192 4483 231 4530 son
250 4482 793 4543 661166661666166666161666661111616
820 4483 914 4530 raritas.
958 4482 1061 4540 Quodsi
1082 4495 1124 4530 nos
1147 4484 1276 4530 6666661166
1294 4481 1446 4538 6166661161

247 4585 349 4633 buocha
363 4588 470 4626 monuo·
485 4587 533 4628 Vll.
1264 4571 1285 4634 3
