3364 5102
661 357 906 436 ...366-

157 564 201 650 ut,
223 563 339 656 repulsi
359 564 423 636 iem
445 586 465 636 a
485 563 696 637 benevolentia
717 569 749 637 et
770 572 980 645 coniunctione
993 573 1048 642 tor
1069 589 1139 642 cum
1160 568 1279 641 nuliam
1301 567 1406 659 aequi·

155 686 252 754 uum
275 686 484 755 conditionum
505 685 626 754 nullum
648 686 793 757 inditium
815 690 879 758 reri
902 691 1015 760 amoris
1037 691 1119 778 apud
1140 691 1171 757 te
1192 687 1407 768 invenerimus,

156 803 221 869 sire
243 821 347 870 eorum
362 801 480 869 artibus
502 802 534 869 et
548 801 635 884 dolis,
658 803 711 889 qui
733 823 789 872 nos
804 826 875 875 cum
897 809 1059 877 serenitate
1081 809 1136 873 tua
1154 823 1310 891 nunquam
1333 822 1406 871 con·

156 919 276 986 iunctos
298 937 365 986 esse
388 919 555 1000 voluerunt,
579 919 643 986 sire
666 922 720 987 tua
741 924 845 990 mente
866 925 1093 1012 oppressionem
1116 922 1225 990 Italiae
1248 913 1279 989 et
1299 920 1406 987 immi·

157 1035 314 1101 notionem
329 1037 451 1102 nostrae
465 1034 628 1121 dignitatis
643 1036 819 1120 meditante,
835 1039 874 1106 ad
889 1060 925 1108 ea
946 1041 1074 1110 consiliu
1089 1059 1107 1106 a
1122 1039 1233 1127 quibus
1248 1038 1285 1105 de
1300 1039 1410 1104 notura

156 1152 189 1218 et
215 1152 371 1217 voluutme
401 1169 520 1237 semper
541 1153 764 1236 abhorruimus,
787 1157 957 1224 necessario
987 1176 1093 1225 sumus
1123 1154 1282 1242 compulsi,
1312 1153 1409 1220 serius

157 1267 281 1354 quidem
310 1267 409 1334 multo
436 1285 530 1352 quarn
559 1270 612 1336 aut
641 1269 843 1353 plurimarum
874 1292 976 1340 rerum
1005 1272 1175 1358 indignitas
1204 1273 1259 1337 aut
1286 1271 1410 1337 honoris

157 1383 256 1451 nostri
277 1385 309 1450 et
330 1383 445 1469 publici
466 1382 574 1450 Italiae
597 1385 669 1452 boni
691 1387 769 1454 ratio
791 1389 982 1474 postulabat:
1006 1386 1066 1456 Sed
1088 1407 1157 1456 cum
1180 1387 1220 1453 ad
1241 1387 1409 1454 extremum

156 1501 283 1566 ventum
306 1501 395 1581 esset,
417 1519 487 1567 cunr
501 1499 667 1585 patientiae
682 1504 803 1570 nostrae
825 1503 986 1572 diuturnae
1009 1505 1100 1590 atque
1114 1521 1244 1589 magnae
1266 1501 1330 1568 iam
1353 1521 1408 1568 no-

158 1617 350 1702 monetque
379 1617 480 1702 opinio
510 1615 549 1682 ad
578 1618 800 1704 negligentiam
829 1620 1150 1706 rerumpublicarum
1179 1619 1410 1696 converteretur,

158 1732 255 1800 coacti
278 1751 384 1799 sumus
399 1732 524 1799 undem
546 1752 581 1800 ea
596 1753 702 1819 capere
717 1753 811 1816 armo,
834 1755 910 1821 quae
929 1739 961 1804 et
982 1736 1120 1803 iustitiae
1139 1737 1169 1801 et
1184 1734 1292 1802 Italiae
1315 1733 1410 1800 liber·

161 1849 229 1930 tati,
252 1851 285 1917 et
306 1849 394 1917 nobis
420 1849 497 1934 ipsis
526 1852 653 1934 possent
673 1870 740 1918 esse
761 1850 921 1937 praesidio,
950 1870 1011 1920 non
1039 1850 1210 1919 offendendi
1235 1849 1412 1936 cuiusquam

160 1983 261 2045 causa,
285 1964 339 2032 sed
360 1965 467 2033 tuendi
482 1967 513 2032 et
535 1965 734 2033 conservandi
756 1967 881 2035 honoris
903 1969 994 2055 etque
1016 1967 1109 2034 officii
1130 1965 1237 2034 nostri
1281 1965 1413 2044 Etenim,

159 2083 196 2147 ot
217 2099 490 2148 commemoremus
518 2081 651 2149 breuiter
671 2100 780 2150 causes
808 2083 919 2170 quibus
948 2083 1072 2150 adducti
1101 2102 1208 2150 sumus
1235 2082 1281 2148 ita
1306 2081 1413 2160 facore,

160 2197 290 2265 memini
318 2199 420 2282 potest
448 2197 596 2264 serenitas
626 2200 688 2279 uro,
719 2197 785 2266 Nos
814 2219 885 2268 cum
913 2199 947 2267 in
969 2198 1159 2266 cardinalatu
1188 2217 1325 2266 essemus
1354 2197 1413 2264 tibi

161 2331 281 2380 summe
304 2313 420 2380 edictos
443 2313 534 2398 atque
556 2313 732 2381 coniunctos
755 2315 787 2381 et
809 2313 877 2382 rivo
900 2314 937 2382 fe.
954 2332 994 2382 re.
1017 2315 1117 2383 Ieom
1132 2313 1171 2384 X.
1193 2314 1287 2382 fratre
1309 2315 1413 2381 nostro

161 2429 298 2514 patruele
321 2430 352 2496 et
374 2428 483 2497 deinde
505 2448 540 2496 eo
556 2433 684 2511 mortuo,
707 2450 766 2516 quo
781 2450 882 2498 rerum
906 2434 1028 2498 tuarum
1049 2431 1192 2498 iseritus
1214 2431 1305 2511 esset,
1327 2431 1363 2496 ut
1378 2447 1413 2496 ea

161 2545 260 2630 gloria
273 2545 413 2614 letareris
428 2563 521 2630 quam
535 2546 635 2613 tumet
649 2546 785 2630 optabas,
806 2565 868 2614 non
881 2547 1037 2614 laboribus
1060 2565 1120 2614 non
1134 2546 1277 2631 periculis
1292 2547 1414 2636 nostrae

161 2680 307 2747 personae
321 2659 468 2747 propriae,
483 2680 545 2728 non
558 2660 709 2747 impensis
722 2662 899 2747 pepercisse.
938 2661 1073 2747 Orrmque
1094 2660 1203 2730 deinde
1216 2659 1320 2728 dirinu
1341 2678 1413 2745 pro-

161 2776 298 2844 uidentia
320 2776 359 2844 sd
382 2777 576 2862 pontificatus
603 2778 750 2845 honorem
772 2778 871 2844 vocati
900 2778 1065 2844 dnssemus
1087 2778 1193 2862 tuique
1215 2779 1288 2844 tunc
1309 2777 1414 2843 hostes

162 2893 196 2960 in
217 2893 310 2960 Italia
332 2912 462 2979 magnas
484 2893 586 2978 copias
609 2893 764 2976 haberent,
794 2892 853 2961 etsi
882 2912 935 2978 per
956 2892 1120 2979 pastoralis
1142 2892 1237 2961 officii
1257 2892 1360 2960 debito
1375 2892 1414 2958 ab

162 3007 227 3076 illis
250 3008 345 3074 armis
368 3008 582 3076 abstinendum
612 3010 701 3076 nobis
723 3011 804 3088 erat;
833 3011 962 3076 tumne
989 3008 1123 3076 rationes
1151 3010 1222 3076 tuas
1250 3007 1415 3094 impeditus

164 3124 412 3211 relinqueremus,
435 3143 496 3192 non
519 3125 602 3192 solus
617 3125 862 3192 Florentinonrm
884 3123 998 3191 auxilia
1020 3123 1074 3191 sed
1097 3125 1219 3192 sanctae
1240 3124 1335 3192 etiam
1349 3124 1414 3191 Ido-

164 3260 273 3309 manae
294 3239 447 3308 Ecclesiae
461 3241 564 3325 copias
586 3240 620 3307 iu
633 3241 696 3306 tuis
719 3240 865 3308 subsidiis
880 3241 911 3307 et
933 3240 1042 3307 castris
1057 3241 1172 3308 versari
1186 3239 1415 3326 permissimus;

164 3377 220 3427 nec
233 3375 304 3424 uero
319 3356 461 3442 pecunim
477 3355 670 3442 suppeditare
687 3357 882 3436 messuimus,
904 3374 960 3424 nec
975 3357 1140 3442 antequam
1154 3355 1317 3442 depulsum
1338 3354 1416 3422 illud

163 3473 332 3559 periculum
354 3472 414 3539 fuit
436 3469 612 3539 destitimus
634 3471 761 3540 ducibus
783 3473 846 3539 tuis
869 3471 970 3539 favere
992 3474 1024 3540 et
1045 3471 1156 3539 iuvare.
1203 3470 1314 3539 Postea
1336 3489 1415 3550 vero,

163 3608 234 3656 cum
256 3588 313 3654 hoc
334 3587 531 3673 pontificatus
551 3587 675 3654 honoris
697 3587 868 3654 communis
895 3587 928 3654 in
950 3589 1038 3655 nobie
1060 3587 1158 3674 patris
1176 3606 1338 3674 porsonam
1361 3605 1414 3652 er-

167 3705 313 3790 posceret,
335 3702 630 3788 docrevisscmusque
659 3703 765 3770 abesse
787 3704 826 3771 ab
852 3704 948 3770 armis
976 3705 1008 3772 et
1030 3705 1129 3784 bellis,
1159 3704 1364 3789 exercitusque
1387 3703 1418 3768 et

165 3818 282 3886 milites
304 3820 424 3886 nostros
445 3818 508 3885 tuis
531 3819 594 3885 iam
617 3819 693 3886 bene
715 3819 890 3887 constitutis
912 3820 1012 3900 rebus,
1034 3825 1067 3888 et
1089 3839 1150 3887 non
1169 3819 1259 3887 modo
1281 3837 1342 3886 non
1363 3817 1414 3884 in·

165 3934 327 4002 fenoribus
343 3933 395 4002 sod
406 3935 610 4020 superioribus
620 3934 724 4015 etiem,
739 3955 832 4021 quam
846 3935 983 4003 hostium
999 3938 1129 4018 tuorum,
1145 3935 1417 4011 revocavissemus3

164 4055 271 4118 tumen
299 4050 394 4117 armis
417 4070 435 4117 a
456 4051 545 4118 nobis
575 4050 722 4136 depositis
751 4071 847 4137 neque
876 4051 960 4118 fideli
991 4051 1118 4119 consilio
1141 4050 1269 4119 ducibus
1291 4050 1361 4118 'tris
1383 4049 1417 4115 in

165 4165 301 4233 Galliam
316 4167 546 4235 transeuntibus
560 4187 657 4252 neque
670 4167 741 4235 inde
754 4167 862 4252 pedem
876 4167 1076 4235 referentibus
1091 4167 1288 4253 pecunarum
1304 4165 1416 4232 auxilio

164 4303 219 4370 pro
241 4302 343 4349 rerum
358 4284 532 4350 nostrorum
554 4282 704 4351 tenuitate
717 4283 878 4351 definimus.
910 4281 1063 4352 Successit
1076 4303 1112 4352 er
1131 4283 1186 4350 illo
1201 4280 1417 4366 intempestivo

163 4400 199 4466 in
213 4397 350 4466 Galliam
365 4397 587 4482 transalpinam
602 4399 725 4466 tuorum
741 4399 882 4480 transitu,
905 4400 1042 4468 celeriter
1056 4403 1088 4467 et
1101 4399 1223 4486 gravior
1244 4397 1278 4464 in
1292 4397 1417 4463 Italiam

166 4514 327 4583 Gallorum
349 4513 486 4601 irruptio,
516 4535 585 4601 rege
614 4515 741 4583 maximi
770 4515 903 4582 nominis
925 4516 1089 4584 exercitum
1118 4515 1246 4582 ducente
1274 4531 1309 4580 ac
1332 4513 1417 4580 urbis
