3396 5090
785 337 1030 406 -174-

280 536 405 621 genlom
435 533 578 602 selectam
601 535 748 618 populum
778 535 963 620 precipuum,
993 535 1176 612 eatbolieam
1199 509 1363 614 nationem,
1392 533 1532 610 oiritates

280 654 357 720 bene
379 654 522 728 moratas,
546 651 684 735 egregios
707 651 807 730 duoes,
830 650 1014 718 fortissimos
1030 651 1186 731 exereitus,
1209 669 1284 736 quos
1308 649 1460 718 Satbanm
1482 651 1533 717 ni·

281 768 379 834 mium
403 766 550 834 saevienti
572 767 682 833 eteius
704 767 810 851 impiis
826 765 977 834 ministris
999 769 1170 851 opponeret
1202 763 1289 847 Quod
1310 765 1459 834 iudioium
1475 767 1532 833 Dei

281 882 498 967 omnipotentis
513 883 629 949 faotum
651 901 724 967 erga
738 901 793 949 ros
816 885 1008 966 vestramque
1029 883 1187 966 propterea
1201 881 1334 966 gloriam
1356 884 1387 947 sl
1408 881 1533 966 pietatis
1675 889 1676 912 l

276 998 403 1066 laudem
426 999 511 1065 vobis
535 1000 565 1064 ot
587 999 646 1064 toti
660 997 755 1065 fedari
769 1018 805 1064 ao
827 999 1017 1082 oolligationi
1039 999 1158 1064 vestrm
1181 1016 1216 1062 ex
1231 999 1295 1064 toto
1318 997 1406 1064 eorde
1430 999 1531 1064 nostro

282 1117 313 1180 ot
335 1133 371 1179 er
393 1115 459 1180 tota
482 1114 585 1179 anima
600 1112 800 1198 gratulamur,
823 1113 868 1178 ita
891 1114 993 1178 animo
1009 1113 1109 1196 parati
1129 1131 1205 1197 erga
1228 1131 1281 1178 ros
1304 1113 1350 1177 ita
1365 1131 1467 1178 amore
1481 1112 1531 1178 in·

281 1211 377 1308 oitati,
400 1230 434 1294 ut
455 1228 535 1294 nibil
558 1229 599 1294 sit
614 1227 693 1314 quod
716 1228 801 1295 vobis
825 1228 933 1295 debere
955 1247 1010 1294 nos
1026 1247 1085 1294 nou
1100 1227 1266 1304 fateamur,
1290 1228 1318 1294 si
1332 1229 1415 1294 enim
1432 1245 1530 1294 saser-

281 1344 393 1410 dotolis
416 1343 552 1430 dignitas
576 1345 664 1410 uobis
680 1343 764 1410 oordi
785 1345 834 1410 ost
856 1344 935 1411 mont
957 1363 1024 1410 esse
1038 1343 1129 1410 debet
1151 1344 1186 1409 ut
1207 1362 1285 1429 quae
1307 1342 1347 1409 ad
1361 1343 1533 1428 exemplum

281 1461 458 1527 coelestium
481 1459 619 1526 ordinum
644 1460 788 1526 instituta
810 1460 980 1526 maximum
1002 1459 1090 1525 affort
1105 1461 1136 1525 et
1159 1459 1314 1527 eommuni
1336 1460 1418 1527 vitae
1440 1477 1531 1526 orua-

282 1578 420 1643 mentum
443 1578 474 1642 et
502 1576 540 1642 ad
562 1576 663 1641 Deum
691 1575 851 1642 solendum
881 1575 1144 1660 venerandumque
1174 1575 1393 1656 adiumentum,
1423 1595 1458 1642 oa
1480 1595 1532 1660 per

280 1711 335 1759 nos
358 1711 420 1758 non
442 1692 541 1758 solum
564 1691 688 1757 defensa
710 1711 815 1758 rerum
837 1691 932 1758 etiam
955 1691 1099 1758 restituta
1120 1691 1176 1758 est
1229 1689 1263 1757 Si
1285 1692 1457 1759 animarum
1481 1710 1531 1756 sa·

280 1809 356 1876 lutis
370 1808 563 1893 praeeipuam
581 1825 686 1874 euram
708 1807 853 1892 gerimus,
877 1807 972 1874 veluti
993 1827 1070 1891 quas
1085 1807 1157 1874 boni
1178 1825 1262 1874 more
1285 1808 1417 1892 pastoris
1439 1808 1532 1874 etiam

281 1923 430 2008 sanguiue
451 1924 483 1989 et
505 1921 615 2008 eapitis
636 1923 735 1989 nostri
764 1921 896 2006 periculo
926 1923 1022 1990 tutori
1044 1921 1198 2000 debemus,
1229 1943 1281 2007 per
1305 1925 1438 1990 vestram
1469 1923 1531 1988 rir-

280 2041 378 2108 tutem
401 2041 504 2123 erepta
519 2039 551 2105 et
565 2039 672 2106 ablata
694 2039 742 2104 est
756 2037 862 2122 impiis
885 2040 1021 2123 potestas
1035 2039 1106 2106 illas
1129 2037 1295 2123 populandi
1309 2041 1339 2106 ot
1355 2039 1532 2106 dilaniandi

282 2153 317 2220 Si
338 2155 398 2222 Dei
418 2155 563 2220 bonorem
586 2153 651 2220 rita
672 2155 777 2220 nostra
798 2155 938 2221 tenemur
960 2154 1071 2220 babere
1093 2154 1248 2234 cariorem,
1277 2155 1465 2241 periclitanti
1487 2154 1534 2222 illi

282 2273 312 2337 et
335 2289 353 2336 a
377 2271 475 2336 lurore
498 2269 630 2336 beretioo
652 2269 828 2353 perturbato
857 2273 960 2336 reeb-a
984 2269 1125 2336 subvenit
1147 2270 1246 2353 pietas
1268 2273 1301 2336 et
1322 2270 1477 2349 fortitudo,
1500 2273 1535 2336 ut

281 2385 424 2452 omnibus
446 2385 548 2450 oaueis
576 2385 681 2450 noster
702 2383 861 2451 derinotus
890 2401 975 2452 amor
997 2384 1037 2450 ad
1060 2404 1214 2450 summam
1245 2386 1481 2454 benivolentiam
1504 2389 1535 2452 et

281 2501 320 2568 ad
342 2519 464 2568 omnem
493 2500 581 2566 robis
609 2499 743 2584 gratiam
772 2499 944 2566 habendam
967 2500 1110 2584 perpetuo
1138 2501 1284 2568 teneatur.
1331 2499 1536 2581 Quamobrem

281 2615 367 2684 robis
389 2615 580 2684 affirmamus
595 2634 752 2699 uunquam
773 2633 829 2682 nos
851 2615 943 2682 buius
967 2614 1060 2682 vestri
1075 2614 1149 2681 laeti
1172 2615 1278 2682 eximii
1291 2618 1382 2701 atquo
1404 2617 1534 2686 immor·

281 2731 354 2800 talis
384 2731 563 2798 memoriam
594 2731 798 2815 deposituros,
828 2749 984 2816 nunquam
1013 2733 1149 2798 rostram
1178 2731 1300 2800 laudem
1329 2735 1361 2798 et
1388 2733 1535 2800 virtutem

281 2847 436 2926 tacituros,
465 2847 546 2933 quod
575 2848 603 2913 si
631 2847 704 2932 quid
726 2847 766 2913 ad
788 2847 876 2914 illam
898 2847 999 2931 ipsam
1029 2847 1174 2914 virtutem
1205 2850 1338 2914 vestram
1365 2849 1535 2916 ornandam

281 2965 372 3047 atque
394 2963 611 3030 illustrandam
634 2963 701 3029 fiori
722 2981 776 3048 per
797 2983 853 3030 uos
876 2963 985 3046 potest,
1009 2965 1035 3028 si
1058 2962 1132 3048 quid
1154 2961 1242 3031 Sedis
1258 2962 1388 3032 Smotae
1409 2967 1533 3050 aposto-

281 3078 361 3149 liaeo
380 3097 491 3145 nomeu
514 3078 650 3144 studium
674 3079 838 3146 auotoritas
862 3078 901 3144 ad
923 3079 1108 3164 dignitatem
1130 3082 1161 3145 et
1182 3079 1376 3146 commodum
1397 3083 1534 3148 veebum

281 3193 416 3262 ooaierre
437 3195 486 3260 est
508 3195 589 3278 apta,
612 3194 752 3260 volumus
774 3211 828 3261 ros
850 3194 1025 3261 existimare
1047 3213 1170 3262 omnem
1192 3197 1330 3263 nostram
1344 3197 1535 3264 voluntatem

281 3329 404 3376 omnem
434 3308 657 3393 benignitatem
687 3309 775 3376 robis
804 3309 867 3375 lore
890 3327 1009 3394 sempor
1031 3312 1062 3376 et
1092 3310 1256 3377 honoribus
1287 3311 1534 3397 utilitatibusque

281 3425 393 3492 restris
408 3426 582 3509 promptam
604 3427 635 3490 et
651 3425 799 3508 paratam
830 3425 1014 3492 Derotiones
1030 3427 1147 3492 vestras
1171 3426 1204 3510 in
1219 3427 1352 3494 Domino
1367 3427 1533 3508 hortantes,

281 3541 317 3606 ut
338 3558 416 3627 quae
430 3541 507 3606 beno
529 3539 649 3606 arobis
672 3542 759 3624 oepta
774 3542 847 3606 srmt
869 3540 908 3606 ad
922 3543 1092 3608 extremum
1113 3540 1259 3610 deduoere
1282 3543 1313 3608 et
1327 3543 1451 3610 firmare
1465 3545 1532 3610 stu·

282 3655 389 3736 deatis,
413 3655 712 3740 prestantissimique
740 3656 877 3723 omniurn
900 3675 977 3741 quae
1000 3657 1108 3722 multis
1130 3658 1194 3724 iam
1217 3657 1328 3724 seoulis
1350 3661 1439 3743 gesta
1462 3661 1535 3726 sunt

282 3772 364 3851 laeti,
386 3771 559 3844 absolutam
589 3771 812 3856 perfectamque
841 3773 973 3856 gloriam
995 3773 1026 3838 et
1049 3773 1113 3840 Deo
1135 3774 1166 3838 et
1195 3773 1309 3840 mundo
1331 3775 1362 3839 et
1385 3773 1534 3859 singulari

283 3887 390 3954 virtuti
419 3888 538 3952 vestrae
567 3888 598 3952 et
620 3887 821 3970 expectationi
848 3889 1027 3954 onustarum
1056 3889 1196 3972 gentium
1225 3889 1372 3956 exhibere.
1418 3891 1533 3957 Datum

282 4002 362 4068 xxiii
385 4001 519 4085 Augusti
541 4001 659 4068 mdxrr.
704 4003 793 4070 Anno
816 4003 953 4069 seeundo.

372 4233 487 4300 Mariae
511 4231 672 4302 Sodsrinae
695 4235 732 4302 de
755 4234 890 4303 Medicis.
937 4236 983 4303 De
1005 4237 1091 4302 obitu
1114 4238 1198 4303 Petri
1221 4238 1375 4306 Franoisoi
1404 4239 1441 4306 de
1464 4238 1531 4306 bla-

283 4350 367 4416 dicis.
392 4387 436 4396 —
459 4349 535 4414 xxvi.
558 4349 693 4434 Augusti
715 4350 833 4418 mdxxr.
878 4351 967 4418 Anno
992 4352 1128 4418 seeundo.

370 4466 533 4532 Laurentio
556 4465 594 4530 de
618 4465 743 4532 biodiois
766 4503 809 4514 -—
833 4467 870 4532 de
892 4468 998 4544 eadem
1021 4487 1060 4544 re,
1083 4469 1146 4535 eod
1170 4469 1219 4536 die
1242 4473 1273 4534 et
1291 4489 1382 4552 anno.
